1446 2697
67 390 139 426 235

62 656 138 692 240

59 926 132 960 245

57 1192 132 1228 250

54 1722 129 1760 260

53 1989 125 2027 265

51 2257 126 2297 270

52 2523 125 2564 275

1313 83 1337 122 10

1346 84 1368 124 λΙ

586 88 742 119 SATIRA
762 90 846 120 XIV.

176 170 393 209 Curriculo:
424 183 536 220 quem
554 170 586 207 si
605 183 767 212 revoceS‚
789 170 992 208 subsistere
1011 172 1143 217 nescit,

173 225 224 262 Et
245 232 280 262 te
301 231 492 261 contemto
511 223 669 274 rapitur,
689 223 872 274 metisque
892 224 1047 262 relictis.

172 278 294 315 Nemo
315 278 404 315 satis
425 277 545 314 credit
563 283 711 314 tantum
730 276 958 327 delinquere,
980 286 1161 329 quantum

172 332 395 369 Permittas:
425 331 518 368 adeo
538 329 737 380 indulgent
756 330 828 367 sibi
847 331 960 368 latius
980 332 1064 383 ipsi.

172 386 297 432 Quum
317 385 410 423 dicis
425 383 566 435 juveni,
588 383 753 427 stultum,
775 384 840 434 qui
859 384 972 422 donet
991 386 1121 430 amico,

173 440 248 485 Qui
267 445 526 490 paupertatem
544 437 642 474 levet
661 436 884 487 attollatque
904 440 1126 490 propinqui3

171 494 221 530 Et
241 493 402 544 spoliare
423 492 543 534 doces,
565 497 603 527 et
623 490 944 536 circumscribere,
966 499 1004 529 et
1023 494 1124 530 omni

173 547 339 585 Crimine
361 545 510 582 divitias
528 544 743 594 acquirere3
773 558 931 594 quarum
950 559 1055 583 amor
1074 547 1114 584 in
1132 555 1182 592 te,

169 601 340 646 Quantus
359 606 441 636 erat
460 598 592 649 patriae
616 598 820 634 Deciorum
842 598 881 634 in
900 606 1063 649 pectore,
1084 611 1265 651 quantum

171 654 315 691 Dilexit
337 653 498 695 Thebas,
520 651 551 688 si
573 651 726 689 Graecia
745 665 843 695 vera,
865 652 1098 690 Menoeceus:

167 708 211 744 In
231 720 387 758 quorum
410 705 522 743 sulcis
542 705 711 755 legiones
732 704 905 742 dentibus
924 707 1059 757 anguis

168 761 262 798 Cum
282 760 422 811 clypeis
441 767 657 803 nascuntur,
679 769 717 796 et
735 758 891 796 horrida
909 759 1008 797 bella.
1028 771 1225 811 capessunt

167 814 364 858 Continuo,
385 821 575 863 tamquam
595 820 633 850 et
651 812 804 849 tubicen
824 814 1031 851 surrexerit
1048 828 1134 852 una.

164 868 270 918 Ergo
289 868 427 918 ignem,
450 867 554 917 cujus
575 866 757 903 scintillas
777 866 856 917 ipse
877 867 1024 910 dedisti,

164 921 194 958 F
196 921 409 971 lagrantem
428 921 503 957 late
523 926 561 957 et
580 920 790 970 rapientem
810 928 946 957 cuncta
964 921 1121 959 videbis.

163 975 245 1013 Nec
264 975 335 1012 tibi
354 981 531 1026 parcetur
549 973 697 1017 misero,
718 973 980 1025 trepidumque
1000 975 1224 1026 magistrum

162 1029 205 1065 In
225 1043 340 1066 cavea
358 1042 496 1078 magno
516 1027 672 1064 fremitu
691 1027 749 1064 leo
769 1027 877 1064 tollet
895 1029 1079 1066 alumnus.

214 1083 318 1120 Nota
338 1081 612 1119 mathematicis
632 1081 780 1131 genesis
800 1088 883 1118 tua:
914 1082 980 1119 sed
996 1097 1113 1133 grave
1133 1083 1260 1120 tardas

162 1136 392 1186 Exspectare
414 1135 528 1173 colus.
585 1135 764 1171 Morieris
785 1135 943 1172 stamine
963 1136 1129 1173 nondum

162 1189 350 1240 Abrupto.
405 1190 494 1227 Jam
512 1202 610 1225 nunc
631 1188 757 1225 obstas
777 1195 814 1224 et
834 1195 921 1225 vota
940 1190 1117 1226 moraris:

159 1244 247 1280 -Jam
266 1248 418 1292 torquet
432 1243 609 1292 juvenem
628 1241 744 1291 longa
763 1248 800 1278 et
821 1242 973 1279 cervina
992 1251 1174 1280 senectuS.

163 1296 281 1333 Ocius
304 1295 551 1345 Archigenen
570 1308 695 1344 quaere
714 1301 827 1344 atque
847 1308 938 1338 eme,
960 1296 1060 1346 quod
1080 1296 1323 1334 Mithridates

164 1349 392 1399 Composuit,
413 1349 445 1385 si
464 1348 519 1384 vis
539 1348 650 1384 aliam
670 1347 872 1398 decerpere
892 1348 1015 1393 ficum,

162 1404 288 1453 Atque
308 1402 400 1439 alias
419 1409 585 1439 tractare
605 1414 720 1437 rosas.
777 1401 1014 1439 Medicamen
1032 1402 1245 1440 habendum
1265 1416 1331 1443 est.

113 1459 128 1467 ”
162 1456 322 1494 Sorbere
342 1462 428 1492 ante
449 1454 575 1492 cibum
595 1454 695 1504 quod
714 1454 848 1491 debeat
868 1462 905 1491 et
924 1463 1032 1506 pater
1051 1464 1089 1493 et
1108 1471 1186 1494 rex.

159 1510 331 1546 Monstro
351 1509 579 1559 voluptatem
600 1508 807 1558 egregiam,
829 1509 889 1545 cui
908 1509 1012 1546 nulla
1030 1509 1191 1554 theatra,

159 1563 276 1600 Nulla
296 1575 444 1613 aequare
466 1575 579 1612 queas
602 1561 783 1598 Praetoris
802 1562 948 1613 pulpita,
966 1563 1071 1607 lauti,

159 1616 200 1654 Si
220 1624 374 1668 spectes,
396 1625 535 1667 quanto
556 1615 690 1666 capitis
711 1615 928 1653 discrimine
949 1623 1122 1654 constent

160 1670 397 1708 Incrementa
417 1670 558 1713 domus,
579 1676 696 1705 aerata
715 1668 852 1706 multus
872 1669 912 1706 in
931 1683 1021 1707 arca

160 1724 302 1768 Fiscus,
323 1731 360 1761 et
379 1723 427 1760 ad
446 1723 601 1772 vigilem
620 1722 784 1773 ponendi
807 1722 965 1760 Castora
983 1724 1098 1767 numi,

158 1777 216 1814 Ex
236 1791 309 1828 quo
330 1778 434 1814 Mars
458 1776 572 1814 Ultor
591 1776 740 1826 galeam
760 1789 907 1826 quoque
926 1777 1102 1827 perdidit,
1124 1785 1161 1815 et
1180 1793 1240 1815 res

161 1831 248 1867 Non
267 1831 391 1881 potuit
411 1843 560 1867 servare
581 1843 678 1866 suas.
735 1829 840 1879 Ergo
861 1830 986 1867 omnia
1006 1830 1130 1867 Florae

159 1883 209 1920 Et
231 1884 380 1921 Cereris
400 1884 490 1921 licet
508 1890 546 1920 et
569 1883 727 1933 Cybeles
747 1883 866 1919 aulaea
884 1883 1092 1934 relinquas:

161 1937 284 1974 Tanto
304 1937 465 1987 majores
485 1937 650 1973 humana
668 1936 823 1986 negotia
842 1936 934 1974 ludi.

211 1991 275 2026 An
293 1991 414 2040 magis
434 1990 625 2027 oblectant
644 1990 809 2026 animum
824 1990 971 2040 jactata
992 1998 1149 2042 petauro

160 2043 339 2094 Corpora,
360 2043 497 2093 quique
517 2043 611 2081 solet
629 2050 776 2080 rectum
796 2043 1023 2082 descendere
1042 2044 1189 2087 funem;

159 2098 283 2142 Quam
303 2104 356 2140 tu,
381 2097 541 2147 Corycia
560 2111 706 2147 semper
726 2097 791 2147 qui
810 2111 932 2148 puppe
951 2098 1110 2135 moraris

156 2152 283 2201 Atque
303 2150 462 2192 habitas,
486 2149 584 2187 Coro
604 2164 750 2200 semper
769 2150 955 2188 tollendus
976 2158 1014 2188 et
1035 2152 1189 2195 Austro,

157 2203 334 2241 Perditus
354 2217 397 2240 ac
417 2202 502 2239 vilis
522 2203 620 2240 sacci
639 2211 827 2240 mercator
847 2203 1002 2246 olentis3

156 2257 233 2303 Qui
252 2257 396 2308 gaudes
415 2256 556 2316 pingue
575 2257 738 2306 antiquae
759 2256 804 2293 de
823 2256 936 2293 litore
960 2257 1082 2294 Cretae

156 2311 324 2354 Passum,
346 2320 385 2347 et
403 2309 610 2359 municipes
630 2309 654 2346 J
658 2322 737 2345 ovls
756 2309 948 2346 advexisse
967 2310 1145 2360 lagenas.
1135 2317 1149 2336 θ

158 2364 234 2401 Hic
254 2371 381 2401 tamen
399 2363 555 2413 ancipiti
574 2362 695 2412 figens
715 2362 877 2412 vestigia.
894 2362 1025 2413 planta

158 2417 312 2455 Victum
331 2417 398 2454 illa
415 2415 589 2453 mercede
608 2422 726 2466 parat,
748 2415 992 2466 brumamque
1010 2416 1220 2468 famemque

157 2470 228 2507 Illa
245 2477 345 2508 reste
365 2477 491 2508 cavet:
521 2476 563 2506 tu
581 2476 736 2519 propter
755 2468 857 2505 mille
877 2469 1019 2507 talenta

156 2523 207 2562 Et
227 2533 376 2562 centum
394 2523 503 2561 villas
523 2522 756 2560 temerarius.
813 2521 976 2573 Adspice
996 2532 1136 2575 portus,
