1446 2697
45 72 102 113 24

55 381 127 415 100

55 649 125 685 105

54 918 126 953 110

57 1185 125 1221 115

58 1455 129 1490 120

60 1725 128 1760 125

61 1995 132 2030 130

65 2264 132 2299 135

65 2532 136 2568 140

577 80 596 110 J
599 79 823 110 UVENALIS.

208 161 374 208 Quidam
392 160 518 198 sortiti
538 166 767 197 metuentem
786 157 945 195 sabbata
960 167 1117 209 patrem,

155 216 224 254 Nil
242 223 380 267 praeter
398 214 517 251 nubes
537 220 575 252 et
594 213 680 252 coeli
699 226 837 250 numen
856 212 1037 255 adorant;

156 271 238 307 Nec
259 270 398 306 distare
418 275 553 318 putant
571 267 735 305 humana
755 280 867 304 carne
887 265 1047 310 suillam,

156 324 241 369 Qua
259 331 367 374 pater
386 321 587 366 abstinuit3
615 335 703 359 mox
722 328 760 358 et
778 320 964 372 praeputia
981 327 1144 370 ponunt:

158 378 345 414 Romanas
365 382 492 412 autem
511 375 612 413 soliti
633 382 873 412 contemnere
894 373 1010 424 leges,

154 430 358 469 ,Iudaicum
377 429 549 467 ediscunt
568 438 607 466 et
626 435 778 466 servant
797 441 840 465 ac
861 434 1034 464 metuunt
1048 427 1124 478 jus,

158 484 334 521 Tradidit
353 497 491 520 arcano
512 483 773 533 quodcumque
793 482 981 519 volumine
1003 482 1142 520 Moses.

158 539 247 575 Non
265 545 475 575 monstrare
495 538 584 580 vias,
606 537 738 574 eadem
757 536 831 573 nisi
850 549 959 572 sacra
979 535 1137 580 colenti3

156 592 366 637 Quaesitum
385 591 434 628 ad
452 591 595 628 fontem
615 591 714 628 solos
735 590 922 627 deducere
942 603 1091 640 verpos.

158 645 233 683 Sed
250 653 359 696 pater
379 646 418 682 in
438 659 560 689 causa,
582 644 644 682 cui
664 644 824 696 septima
843 657 1000 694 quaeque
1019 643 1094 681 fuit
1113 643 1179 681 lux

158 700 312 750 Ignava,
335 707 372 736 et
391 706 538 750 partem
557 699 644 736 vitae
663 712 739 735 non
758 698 891 748 attigit
909 697 1037 734 ullam.

209 754 348 804 Sponte
369 761 494 790 tamen
508 753 666 804 juvenes
686 752 883 789 imitantur
903 758 1049 788 cetera:
1079 751 1197 789 solam

157 807 272 844 Inviti
292 821 439 857 quoque
459 807 659 843 avaritiam
679 819 855 843 exercere
871 805 1066 856 jubentur.

157 861 271 897 Fallit
291 861 390 898 enim
409 861 542 897 vitium
563 860 687 911 specie
707 859 860 896 virtutis
881 866 918 896 et
937 859 1082 902 umbra,

157 915 283 960 Quum
302 914 351 951 sit
370 914 480 951 triste
500 914 644 958 habitu,
666 914 846 964 vultuque
866 920 904 950 et
923 920 1026 950 veste
1046 927 1229 951 severum.

157 969 240 1005 Nec
261 968 384 1012 dubie,
405 975 598 1018 tamquam
617 968 734 1018 frugi,
756 967 934 1004 laudatur
953 981 1099 1011 avarus,

157 1022 367 1072 Tamquam
387 1035 522 1072 parcus
543 1022 666 1066 homo,
687 1029 726 1059 et
745 1035 875 1058 rerum
892 1021 1014 1058 tutela
1033 1035 1186 1058 suarum

159 1076 275 1113 Certa
294 1076 426 1126 magis,
449 1090 561 1126 quam
581 1076 613 1113 si
632 1075 803 1113 fortunas
824 1081 948 1112 servet
969 1075 1118 1112 easdem

157 1129 412 1180 Hesperidum
427 1143 591 1180 serpens,
607 1137 674 1167 aut
690 1129 883 1167 Ponticus.
940 1129 1052 1166 Adde
1069 1129 1170 1180 quod
1185 1129 1296 1172 hune,
1313 1127 1357 1165 de

159 1182 244 1228 Quo
263 1184 409 1233 loquor,
431 1184 632 1234 egregium
652 1183 812 1234 populus
832 1189 942 1234 putat
960 1183 1183 1233 acquirendi

157 1236 377 1275 Artificem:
409 1238 546 1288 quippe
566 1237 625 1274 his
647 1244 823 1274 crescunt
842 1237 1071 1288 patrimonia
1089 1237 1224 1274 fabris.

158 1291 233 1329 Sed
253 1299 428 1329 crescunt
447 1305 684 1342 quocumque
705 1291 827 1335 modo,
849 1291 1068 1342 majoraque
1087 1290 1184 1328 fiunt

158 1344 298 1382 Incude
319 1345 470 1382 assidua
490 1359 713 1396 semperque
733 1345 891 1382 ardente
913 1345 1072 1382 camino.

159 1398 210 1435 Et
229 1406 338 1449 pater
358 1412 451 1448 ergo
472 1399 589 1435 animi
609 1399 742 1436 felices
763 1399 885 1436 credit
904 1412 1049 1442 avaros,

159 1452 236 1497 Qui
256 1452 417 1489 miratur
437 1466 538 1503 opes,
560 1453 626 1503 qui
647 1453 751 1489 nulla
771 1453 942 1503 exempla
960 1452 1064 1489 beati

160 1506 342 1556 Pauperis
363 1519 442 1543 esse
464 1513 589 1556 putat:
615 1507 774 1556 juvenes
793 1506 980 1550 hortatur,
1002 1513 1044 1543 ut
1064 1506 1168 1543 illam

161 1560 220 1597 Ire
241 1560 340 1596 viam
360 1567 532 1610 pergant,
555 1567 593 1597 et
614 1560 735 1597 eidem
759 1560 975 1598 incumbere
996 1567 1121 1597 sectae.

161 1616 257 1652 Sunt
277 1614 448 1664 quaedam
470 1614 647 1650 vitiorum
668 1614 869 1651 elementa:
900 1614 958 1650 his
979 1621 1159 1665 protenus
1180 1613 1264 1649 illos

161 1667 313 1709 Imbuit‚
334 1674 373 1704 et
393 1667 497 1717 cogit
519 1668 691 1704 minimas
712 1667 881 1705 ediscere
901 1668 1042 1705 sordes.

161 1722 251 1758 Mox
272 1721 494 1772 acquirendi
515 1722 626 1759 docet
652 1722 866 1759 insatiabile
886 1729 1025 1759 votum.

162 1776 364 1813 Servorum
384 1782 534 1813 ventres
554 1775 679 1812 modio
700 1776 863 1826 castigat
883 1776 1023 1826 iniquo,

162 1829 245 1879 Ipse
259 1843 407 1880 quoquc
420 1829 607 1867 esuriens:
625 1843 745 1880 neque
759 1830 857 1867 enim
871 1830 997 1866 omnia
1012 1829 1171 1866 sustinet
1186 1841 1362 1878 umquam

162 1883 317 1920 Mucida
337 1883 489 1920 caerulei
509 1884 616 1934 panis
637 1898 856 1921 consumere
876 1883 1008 1927 frusta,

164 1937 396 1974 Hesternum
416 1937 549 1974 solitus
569 1937 692 1974 medio
713 1952 864 1975 servare
884 1937 1042 1974 minutal

164 1990 396 2042 Septembri:
426 2005 495 2028 nec
516 2006 591 2029 non
611 1992 764 2029 differre
786 1992 823 2029 in
844 2000 1016 2042 tempora
1036 2005 1150 2028 ecenae

165 2045 334 2082 Alterius
357 2046 537 2082 conchem
558 2046 726 2083 aestivnm
746 2060 830 2083 eum
851 2054 959 2096 parte
980 2045 1114 2083 lacerti

164 2100 371 2149 Signatum,
395 2100 452 2136 vel
473 2099 629 2137 dimidio
650 2100 826 2150 putrique
847 2100 976 2142 siluro,

165 2154 321 2204 Filaque
343 2154 476 2191 sectivi
497 2162 694 2191 numerata
714 2154 906 2191 includere
927 2153 1044 2205 porri.

167 2208 348 2245 Invitatus
369 2208 416 2245 ad
438 2208 518 2245 haec
539 2208 675 2258 aliquis
696 2208 741 2245 de
762 2216 874 2259 ponte
894 2208 1064 2257 negabit.

165 2261 238 2298 Sed
258 2276 331 2311 quo
352 2262 503 2299 divitias
524 2262 603 2300 haec
625 2276 692 2314 per
711 2269 902 2299 tormenta
921 2269 1082 2304 coactas,

164 2315 288 2359 Quum
309 2316 415 2353 furor
435 2316 536 2353 haud
555 2317 702 2358 dubius,
724 2330 838 2366 quum
859 2317 907 2353 sit
926 2315 1126 2352 manifesta
1144 2314 1350 2365 phrenesis,

169 2368 222 2405 Ut
242 2368 406 2419 locuples
430 2371 614 2412 moriaris,
637 2370 766 2418 egenti
786 2371 912 2407 vivere
933 2369 1037 2406 fato?

167 2421 317 2458 Interea
337 2423 445 2472 pleno
467 2439 582 2475 quum
603 2432 733 2475 turget
754 2425 925 2462 sacculus
945 2437 1022 2466 ore,

165 2475 314 2513 Crescit
332 2490 436 2513 amor
456 2478 570 2521 numi,
593 2485 773 2529 quantum
795 2479 876 2530 ipsa
894 2476 1054 2528 pecunia
1074 2477 1214 2520 orez-in

166 2528 216 2566 Et
236 2529 356 2566 minus
377 2529 472 2568 hunc
493 2539 608 2582 optat,
630 2532 693 2583 qui
714 2547 786 2570 non
809 2531 934 2569 habet.
994 2531 1097 2581 Ergo
1118 2538 1273 2582 paratur
