1446 2697
525 96 681 127 sATmA
701 97 740 126 x.
1233 74 1298 149 12³

96 175 270 213 Volveris
289 188 312 211 a
330 174 452 225 prima
471 188 552 225 quae
571 174 752 225 proxima.
812 175 938 212 Saevus
958 181 996 212 et
1014 174 1122 212 illum

95 229 229 266 Exitus
250 228 400 279 eripuit,
422 242 532 278 quem
551 227 785 264 mirabantur
808 228 969 265 Athenae
1252 246 1260 251 s
1299 255 1308 263 ,

95 283 322 319 Torrentem
341 288 379 318 et
397 281 499 332 pleni
517 281 773 319 moderantem
791 280 899 318 frena
917 282 1070 320 theatri.
1158 252 1281 338 9119)

94 335 164 372 Dis
183 335 248 372 ille
268 336 435 372 adversis
454 335 604 385 genitus
623 334 776 384 fatoque
796 335 960 379 sinistro,
1059 326 1151 394 sb

0 391 68 427 130
99 389 222 434 Quem
239 396 347 440 Qr
367 388 532 425 ardentis
552 401 680 425 massae
699 388 862 438 fuligine
881 387 1058 439 lippus‘0''

95 444 130 479 A
151 442 313 480 carbone
334 449 371 479 et
389 441 596 492 forcipibus
615 441 837 492 gladiosque
857 450 1014 492 parante
1141 486 1143 488 Ι
1163 484 1166 485 ⁷

93 496 233 533 Incude
255 503 293 532 et
311 496 412 532 luteo
434 495 606 532 Vulcano
625 494 673 531 ad
691 495 847 532 rhetora
865 495 978 532 misit.
1122 502 1131 509 ⁴
1144 492 1244 543 ‘'ffiss?

149 549 342 593 Bellorum
362 548 513 599 eriae,
533 549 677 586 truncis
697 548 807 585 affixa
825 549 991 598 tropaeis²
1013 535 1060 571 Ἠ
1158 541 1195 557 ’μ

95 603 234 652 Loriga
253 610 291 640 et
309 602 430 639 fracta
450 601 494 639 de
515 602 658 639 casside
678 602 838 639 buccula
855 602 1020 652 pendens

0 658 62 694 135
95 656 145 693 Et
165 662 314 693 curtum
331 663 479 705 temone
495 655 631 716 jugum
650 652 831 706 victaeque
851 655 1016 693 triremis

96 709 276 761 Aplustie
297 716 335 746 et
354 723 495 745 summo
515 709 636 745 tristis
656 709 825 759 captivus
846 708 884 744 in
903 722 995 746 arcu

96 762 282 800 Humanis
302 762 449 812 majora
467 762 574 799 bonis
594 762 819 799 creduntur.
848 761 896 798 ad
915 762 994 800 haec
1015 777 1078 801 se
1144 801 1155 806 ,.

95 817 286 853 Romanus
309 816 522 866 Graiusque
545 829 587 852 ac
608 809 791 852 basbarus
811 815 1061 867 endoperator
1086 808 1151 834 ΤΜ

95 871 248 917 Erexit3
269 883 398 907 causas
419 869 645 906 discriminis
665 876 776 919 atque
796 868 936 905 laboris

0 926 64 960 [40
98 923 188 960 Inde
208 923 351 960 habuit.
409 923 531 959 Tanto
550 923 670 972 major
689 923 797 960 famae
817 922 898 959 sitis
918 930 984 967 est,
1007 937 1118 973 quam

97 977 273 1013 Virtutis.
329 976 423 1021 Quis
444 976 543 1012 enim
562 976 741 1013 virtutem
759 976 1001 1026 amplectitur
1019 978 1148 1028 ipsam,
1208 1023 1210 1025 ‚

0 1076 2 1080 .
35 1066 55 1071 ,Δ
96 1030 259 1067 Piaemia
278 1030 310 1067 si
328 1029 464 1066 tollas?
522 1029 691 1066 Patriam
708 1036 785 1066 tam
805 1029 932 1066 obruit
951 1030 1042 1067 olim
1080 1041 1083 1043 ’
1112 1048 1116 1056 «
1180 1032 1183 1034 ’

0 1081 31 1118 3⁵?
96 1084 232 1122 Gloria
251 1097 465 1134 paucorum,
487 1089 524 1119 et
532 1078 663 1120 Πιᾶἱε
682 1073 810 1144 tituliq
878 1083 1013 1133 cupido

96 1137 248 1174 Haesuri
268 1137 365 1174 saxis
386 1137 553 1173 cinerum
573 1133 807 1174 custodibus·
799 1097 886 1188 ςϊᾶ
905 1150 986 1186 quae

0 1193 62 1229 [45
95 1190 322 1227 Discutiend
366 1190 492 1226 valent
511 1190 649 1226 sterilis
668 1190 767 1226 mala
786 1190 923 1226 robora
943 1190 1046 1234 ficus,

95 1244 322 1293 Quandoqui
374 1258 409 1280 m
429 1243 517 1279 data
535 1251 621 1280 sunt
640 1243 729 1293 ipsis
750 1257 896 1304 quoque
916 1243 994 1280 fata
1013 1244 1268 1300 sepulchris

96 1297 275 1347 Expende
297 1296 568 1333 Hannibalem:
590 1304 680 1347 quot
699 1296 844 1334 libras
835 1311 874 1332 in
890 1296 984 1333 duce
1005 1311 1147 1335 summo
1238 1340 1253 1347 ‚,

98 1350 293 1387 Invenies?
318 1350 380 1387 hic
401 1356 467 1393 est,
489 1363 600 1399 quem
618 1364 692 1387 non
713 1350 814 1400 capit
838 1350 971 1386 Africa
991 1351 1126 1387 Mauro
1163 1370 1165 1373 v

95 1404 280 1441 Percussa
302 1404 466 1447 Oceano,
489 1403 652 1453 Niloque
672 1403 823 1439 admota
841 1404 995 1453 tepenti,

0 1461 64 1496 150
97 1454 242 1494 ffursus
263 1457 311 1493 ad
329 1457 547 1506 AEthiopum
566 1457 721 1506 populos
741 1456 910 1507 altosque
932 1457 1161 1507 elephantos.

96 1510 263 1547 Additur
282 1510 449 1560 imperiis
471 1509 676 1560 Hispania:
708 1509 933 1560 Pyrenaeum

97 1564 309 1601 Transsilit.
368 1563 556 1614 Opposuit
574 1570 710 1600 natura
731 1564 943 1614 Alpemque
963 1564 1177 1614 nivemque:

96 1617 256 1654 Diducit
275 1616 688 1667 scopuiOE‘eFmontem
707 1617 850 1667 rumpit
870 1624 990 1655 aceto.

94 1672 182 1709 Jam
201 1677 304 1708 tenet
325 1670 493 1707 Italiamz
522 1677 648 1707 tamen
667 1671 767 1707 ultra
786 1685 946 1721 pergere
966 1671 1108 1707 tendit:

0 1728 63 1763 155
96 1727 246 1768 Actum,
268 1724 401 1774 inquit,
422 1724 518 1760 nihil
537 1731 604 1767 est,
625 1724 699 1760 nisi
721 1724 835 1760 Poeno
855 1724 974 1761 milite
994 1731 1120 1774 portas

97 1777 335 1828 Frangimus,
357 1784 395 1814 et
413 1777 538 1814 media
556 1777 733 1813 vexillum
753 1791 850 1827 pono
874 1777 1032 1815 Subura.

97 1831 131 1868 Ο
153 1830 274 1881 qualis
294 1831 410 1868 facies
430 1838 468 1867 et
488 1831 591 1881 quali
612 1830 728 1880 digna
746 1830 898 1875 tabella,

96 1884 222 1929 Quum
245 1884 395 1921 Gaetula
413 1884 544 1921 ducem
565 1891 735 1934 portaret
755 1884 866 1921 belua
884 1885 1047 1922 luscum!

96 1937 230 1974 Exitus
250 1951 341 1997 ergo
362 1937 444 1987 quis
464 1937 545 1974 est?
604 1938 638 1974 O
659 1937 805 1987 gloria!
834 1938 997 1975 vincitur
1018 1938 1115 1974 idem

0 1990 66 2028 160
98 1991 254 2040 Nempe,
276 1997 314 2027 et
333 1991 371 2026 in
391 1991 560 2028 exsilium
581 2005 746 2041 praeceps
766 1991 878 2041 fugit,
899 1998 1011 2042 atque
1031 1991 1085 2028 ibi
1105 2005 1262 2040 magnus

96 2043 366 2091 Mirandusque
387 2044 502 2081 cliens
522 2044 626 2081 sedet
645 2044 693 2080 ad
712 2045 889 2094 praetoria
908 2045 1022 2095 regis,
1040 2074 1042 2079 .
1150 2085 1161 2093 .
1200 2074 1208 2083 ι

97 2097 230 2133 Donec
253 2096 418 2146 Bithyno
438 2097 554 2134 libeat
572 2097 732 2147 vigilare
752 2105 923 2148 tyranno.
1006 2098 1011 2125 i
1078 2090 1086 2103 ⁸
1105 2092 1112 2102 ¹

97 2150 228 2186 Finem
249 2149 391 2192 animae,
413 2163 494 2200 quae
514 2165 573 2203 res
593 2151 773 2187 humanas
793 2151 944 2201 miscuit
963 2150 1063 2192 olim,

97 2204 185 2240 Non
203 2203 335 2253 gladii,
356 2216 429 2239 non
450 2216 538 2240 saxa
557 2198 698 2240 dabunt
716 2218 785 2240 nec
804 2205 898 2248 tela3
919 2205 984 2241 sed
1003 2203 1066 2239 ille

0 2256 63 2295 [65
97 2257 313 2294 Cannarum
332 2256 468 2292 vindex
487 2270 530 2293 ac
549 2256 647 2293 tanti
666 2271 760 2306 sano
763 2271 860 2294 uinis
881 2258 991 2300 ult01,

98 2310 282 2346 Annulus.
340 2309 368 2352 Ι,
391 2309 551 2352 demens,
573 2316 611 2346 et
630 2323 701 2346 saev
704 2323 743 2345 as
764 2324 874 2346 cuire
894 2324 962 2360 per
983 2310 1111 2360 Alpes,

99 2363 154 2400 Ut
174 2363 299 2414 pueris
320 2363 467 2413 placeas
488 2370 525 2399 et
545 2362 767 2399 declamatio
787 2363 871 2399 fias!
1063 2406 1070 2416 Ά
1085 2399 1108 2421 o
1129 2379 1184 2408 4,
1214 2392 1227 2397 ν

100 2415 209 2453 Unus
230 2416 400 2453 Pellaeo'
385 2415 517 2466 Juveni
537 2429 611 2452 non
630 2415 768 2452 sufficit
787 2416 927 2453 orbis:
973 2414 977 2425 ¹
1021 2410 1051 2428 k*
1070 2413 1083 2419 ’”

96 2468 245 2506 AEstuat
263 2469 396 2506 infelix
415 2476 576 2518 augusto
596 2468 714 2505 limite
734 2469 873 2513 mundi,

0 2525 68 2562 [70
103 2522 158 2560 Ut
180 2523 318 2572 Gyarae
338 2521 485 2559 clausus
506 2521 668 2572 scopulis
687 2536 776 2572 parv
781 2536 875 2573 aque
898 2520 1116 2575 Seripho.⁴*

98 2575 225 2620 Quum
243 2582 369 2612 tamen
388 2589 410 2612 a
428 2576 556 2626 figulis
575 2575 757 2612 munitam
777 2575 976 2614 intraverit
994 2579 1137 2622 urbe'n,

637 2641 659 2666 c

1336 1232 1346 1251 r*
1350 1240 1366 1265 ᾖ
1371 1220 1405 1255 1}

1332 1262 1351 1276 τι

1103 2144 1107 2166 sp
1129 2150 1133 2158 ι
