1446 2697
1323 83 1345 96 ι)

1323 98 1347 119 Ο

200 64 207 73 ”
375 1 735 118 CQUIRA
755 0 816 119 1³51
864 9 1101 133 W

159 170 307 206 Horum
327 181 398 218 ego
417 181 492 205 non
510 167 656 217 fugiam
675 168 898 218 conchylia?
918 182 976 205 me
994 168 1100 219 prior
1120 170 1183 207 ille
1310 107 1439 231 „ff

161 222 358 272 signabit?
388 221 579 271 fultusque
598 228 681 258 toro
701 221 856 258 meliore
876 222 1068 259 recumbet
1231 259 1241 266 ,
1291 237 1317 270 ον
1363 187 1446 272 st

160 275 351 312 Advectus
374 275 542 317 Romam,
565 278 777 325 quo‘pruna
796 281 834 311 et
854 281 1005 320 cotjana
1023 276 1160 313 vento?
1248 257 1355 361 V

162 329 291 379 Usque
311 328 404 377 adeo
423 328 518 375 nih'gl
537 335 604 371 est,
625 327 725 377 quod
743 335 872 376 nostra
891 328 1050 368 infantia
1069 330 1189 367 coelun
1226 332 1262 403 Α

82 386 128 421 85
160 383 299 419 Hausit
321 382 549 418 Aventinum
567 381 662 417 baca
681 381 825 429 nutrita
846 381 1009 418 Sabina?

160 435 271 480 Quid,
294 435 393 485 quod
411 433 587 471 adulandi
606 448 700 484 gens
719 434 1011 484 prudentissima
1029 435 1157 473 laudat

161 489 377 526 Sermonem
396 487 549 530 indocti,
569 487 704 524 faciem
725 487 902 524 deformis
922 488 1044 533 amici,

159 542 209 579 Et
229 543 384 591 longum
403 540 557 577 invalidi
577 540 714 577 collum
733 540 944 577 cervicibus
964 549 1088 591 aequat

160 595 347 638 Herculis,
371 596 547 631 Antaeum
566 594 696 644 procul
716 607 739 630 a
756 594 892 631 tellure
911 595 1098 631 tenentis?

81 652 130 689 90
160 649 323 685 Miratur
341 661 470 685 vocem
489 655 698 697 angustam,
721 661 794 697 qua
813 646 977 684 deterius
997 661 1065 684 nec

160 702 228 738 Ille
249 709 365 745 sonat,
387 715 459 751 quo
479 701 672 738 mordetur
691 701 835 750 gallina
854 701 1001 737 marito.

160 755 252 792 Haec
272 754 401 791 eadem
421 754 511 791 licet
530 762 568 791 et
585 754 693 791 nobis
712 754 885 791 laudare:
916 754 981 791 sed
1000 754 1074 790 illis

161 808 349 845 Creditur.
407 809 468 844 An
487 807 630 851 melior,
652 821 765 857 quum
787 807 937 844 Thaida
955 808 1125 852 sustinet,
1147 815 1212 845 aut
1232 823 1346 858 quum

161 861 329 899 Uxorem
349 861 536 898 comoedus
556 861 646 911 agit,
668 861 727 897 vel
749 861 897 897 Dorida
915 861 1018 898 nullo

81 917 127 955 95
162 915 312 952 Cultam
330 914 509 965 palliolo?
536 914 672 951 mulier
691 927 823 964 nempe
842 915 924 965 ipsa
943 914 1103 955 videtur,

158 969 196 1005 N
199 982 246 1005 on
265 982 424 1018 persona
442 968 564 1018 loqui:

159 1076 241 1112 Nec
261 1082 387 1112 tamen
409 1073 630 1118 Antiochus,
651 1088 720 1112 nec
740 1074 814 1111 erit
832 1073 1018 1111 mirabilis
1038 1074 1117 1111 illic

159 1130 238 1165 Aut
260 1128 475 1172 Stratocles,
497 1134 562 1165 aut
582 1142 667 1165 cum
685 1126 790 1164 molli
811 1128 1030 1165 Demetrius
1052 1128 1197 1164 Haemo.

57 1184 128 1219 100
159 1182 275 1219 Natio
296 1181 464 1218 comoeda
482 1189 549 1218 est.
607 1181 749 1218 Rides?
777 1181 932 1218 meliore
955 1181 1136 1218 cachinno

159 1235 402 1272 Concutitur:
424 1234 501 1278 flet,
523 1234 555 1270 si
573 1235 758 1271 lacrumas
779 1235 975 1284 conspexit
994 1235 1117 1277 amici,

159 1289 240 1325 Nec
261 1288 378 1324 dolet:
400 1288 609 1337 igniculum
627 1287 769 1324 brumae
790 1287 820 1323 si
839 1294 1008 1337 tempore
1028 1301 1170 1337 poscas,

159 1341 312 1391 Accipit
332 1340 606 1378 endromidem:
628 1341 659 1377 si
680 1340 830 1384 dixeris,
851 1348 978 1384 aestuo,
999 1340 1119 1377 sudat.

159 1395 247 1431 Non
266 1408 391 1431 sumus
411 1408 504 1444 ergo
523 1407 650 1444 pares:
671 1393 814 1437 melior,
837 1393 900 1443 qui
920 1407 1066 1444 semper
1085 1401 1122 1431 et
1142 1395 1242 1430 omni

58 1451 126 1485 105
160 1448 282 1485 Nocte
303 1448 436 1498 dieque
456 1454 580 1498 potest
598 1447 762 1484 alienum
781 1460 928 1484 sumere
948 1448 1105 1484 vultum.

158 1554 263 1592 Scire
283 1554 411 1590 volunt
431 1561 577 1590 secreta
596 1553 738 1597 domus,
759 1560 871 1604 atque
890 1553 977 1590 inde
996 1553 1136 1591 timeri.
1283 1579 1386 1671 ‘⁶1⁷²
1422 1601 1446 1623 μ

209 1607 259 1643 Et
278 1607 454 1657 quoniam
474 1607 588 1658 coepit
610 1607 831 1644 Graecorum
850 1607 1003 1648 mentio,
1023 1608 1145 1644 transi

57 1661 126 1697 115
159 1659 375 1719 Gymnasia,
395 1668 508 1711 atque
527 1660 616 1698 audi
635 1660 780 1698 facinus
799 1661 955 1711 majoris
975 1661 1122 1698 abollae.
1246 1670 1442 1741 ομ·

158 1713 306 1750 St01cus
326 1714 465 1751 occidit
486 1714 658 1758 Baream,
680 1713 824 1751 delator
844 1715 1017 1758 amicum,

156 1766 470 1817 Discipulumque
490 1781 613 1810 senex,
634 1767 718 1818 ripa
736 1767 901 1804 nutritus
921 1767 961 1803 in
980 1767 1055 1811 illa,
1068 1770 1107 1857 A
1144 1761 1252 1854 μ’μ’)
1311 1796 1386 1862 Ἀ

1097 1835 1121 1857 1.
1324 1828 1330 1836 '

16 1828 117 1877 Μ
158 1819 220 1856 Ad
240 1834 351 1870 quam
372 1821 571 1871 Qggnei
591 1821 744 1871 delapsa
764 1828 819 1857 est
838 1821 954 1871 pinna
974 1821 1067 1858 caba
1167 1847 1200 1895 ι

152 1873 246 1910 ΥΝοῑι
266 1881 322 1910 est
343 1874 513 1911 Romano
534 1874 708 1924 cuiquam
726 1874 830 1911 locus
850 1874 923 1918 hic,
943 1874 1009 1911 ubi
1027 1881 1164 1924 regnat
1261 1864 1298 1903 θ’
1315 1870 1446 1958 &Kx

58 1928 129 1963 120
159 1925 395 1976 Protogenes
414 1927 563 1977 aliquis,
587 1927 643 1964 vel
663 1927 854 1978 Diphilus,
875 1935 941 1965 aut
962 1928 1219 1971 Erimarchus‚

158 1978 234 2023 Qui
252 1980 378 2029 gentis
397 1981 491 2017 vitio
510 1994 713 2031 numquam
731 1981 897 2031 partitur
916 1981 1090 2025 amicum,

158 2031 266 2069 Solus
287 2032 414 2070 habet.
470 2035 570 2071 Nam
590 2048 704 2084 quum
723 2034 874 2072 facilem
894 2034 1051 2071 stillavit
1071 2035 1110 2070 in
1129 2048 1257 2071 aurem

159 2085 350 2135 Exiguum
371 2086 416 2123 de
434 2094 578 2125 naturae
597 2088 802 2138 patriaeque
823 2101 975 2132 veneno,

158 2138 306 2175 Limine
326 2139 565 2177 submoveor:
586 2140 780 2191 perierunt
798 2148 968 2192 tempora
987 2141 1092 2190 longi

56 2193 126 2228 125
160 2192 328 2229 Servitii.
387 2193 584 2242 Nusquam
602 2194 724 2230 minor
743 2201 801 2231 est
814 2195 966 2244 jactura
985 2194 1144 2231 clientis.

158 2245 269 2290 Quod
289 2259 402 2297 porro
423 2245 596 2291 officium,
616 2261 663 2284 ne
682 2247 790 2284 nobis
809 2247 993 2290 blandiar,
1015 2254 1079 2283 aut
1099 2247 1197 2297 quod

158 2297 342 2350 Pauperis
361 2299 423 2336 hic
444 2299 630 2343 meritum,
651 2300 683 2336 si
703 2308 809 2337 curet
828 2307 938 2337 nocte
957 2307 1108 2350 togatus

161 2351 337 2396 Currere,
359 2366 473 2403 quum
494 2352 639 2389 Praetor
659 2353 831 2390 lictorem
850 2353 1028 2403 impellat,
1050 2361 1088 2390 et
1107 2354 1162 2390 ire

159 2404 396 2455 Praecipitem
411 2405 544 2456 jubeat
563 2404 702 2443 dudum
720 2406 966 2456 vigilantibus
985 2406 1098 2451 orbis,

57 2458 129 2493 130
160 2457 198 2495 N
201 2472 220 2494 e
239 2459 344 2509 prior
365 2459 544 2496 Albinam
563 2466 601 2496 et
621 2459 789 2496 Modiam
808 2459 956 2510 collega
974 2459 1137 2497 salutet?

159 2510 302 2549 Divitis
320 2512 383 2549 hic
403 2512 501 2549 servi
523 2511 664 2549 claudit
682 2512 780 2549 latus
799 2512 1049 2563 ingenuorum

158 2563 295 2602 Filius:
316 2565 412 2602 alter
432 2565 542 2610 enim,
565 2573 745 2616 quantum
764 2565 805 2603 in
823 2565 975 2616 legione
998 2566 1160 2603 Tribuni
