1446 2697
583 52 739 83 SATIRA
759 52 842 82 XIV.

1308 48 1332 86 ¹0

1338 48 1362 88 03>

165 133 411 184 Quandoque,
431 142 470 171 et
489 133 650 170 similem
667 133 740 170 tibi
759 147 797 170 se
817 146 892 170 non
911 146 1068 185 corpore
1089 142 1234 173 tantum

167 188 250 224 Nec
270 189 376 224 vultu
396 186 553 231 dederit,
575 200 721 223 morum
740 200 887 237 quoque
907 187 1017 232 filius,
1038 195 1076 225 et
1096 190 1161 239 qui

168 241 307 278 Omnia
326 240 492 278 deterius
511 248 577 278 tua
594 253 662 290 per
681 241 843 289 vestigia
862 247 1003 291 peccet,

167 294 359 345 Corripies
378 294 556 331 nimirum
575 300 613 330 et
632 294 837 343 castigabis
857 294 993 332 acerbo

85 350 133 385 55
168 348 353 392 Clamore,
375 362 418 386 ac
438 355 521 398 post
538 347 619 384 haec
639 347 786 384 tabulas
806 355 953 384 mutare
973 349 1135 398 parabis.

168 401 279 439 Unde
298 402 369 439 tibi
388 402 550 438 frontem
569 401 858 451 libertatemque
878 403 1055 451 parentis,

163 456 291 501 Quum
308 455 425 492 facias
444 455 573 505 pejora
593 468 715 497 senes,
736 468 970 505 vacuumque
991 456 1147 493 cerebro

161 510 247 547 Jam
269 509 415 560 pridem
435 515 547 559 caput
565 508 637 545 11οο
657 515 811 545 ventosa
831 509 1028 546 cucurbita
1048 511 1218 560 quaerat?

222 562 382 613 Hospite
402 569 571 605 ventum,
594 562 755 599 cessabit
774 575 883 599 nemo
902 569 1066 599 tuorum.

84 616 133 653 60
165 616 287 653 Verre
307 616 570 666 pavimentum,
591 615 730 652 nitidas
750 615 905 653 ostende
926 616 1128 659 columnas,

165 670 287 706 Arida
306 683 390 706 cum
409 676 491 706 tota
509 669 712 706 descendat
731 683 870 706 aranea
889 669 985 712 tela3

163 724 238 760 Hic
259 724 340 760 leve
359 731 570 773 argentum,
592 736 680 760 vasa
698 736 832 773 aspera
850 730 1000 773 tergeat
1019 723 1134 767 alter3

165 777 248 813 Vox
268 777 409 814 domini
428 776 523 814 furit
541 776 717 813 instantis
737 777 960 828 virgamque
979 777 1155 814 tenentis.

162 830 268 880 Ergo
288 831 402 867 miser
421 830 599 881 trepidas,
620 843 667 867 ne
687 836 854 867 stercore
874 830 974 868 foeda
993 831 1127 868 canino

82 884 130 922 65
163 884 276 921 Atria
295 883 519 935 displiceant
538 884 656 921 oculis
677 883 860 921 venientis
878 883 1002 927 amici,

161 938 221 974 Ne
242 938 393 989 perfusa
412 938 492 975 luto
512 938 560 974 sit
580 937 767 988 porticus:
789 946 826 974 et
845 945 972 975 tamen
990 951 1064 974 uno

162 992 336 1029 Semodio
357 991 478 1029 scobis
498 991 578 1029 haec
598 991 775 1028 emundat
795 991 965 1028 servulus
984 1005 1091 1028 unus.

162 1045 262 1082 Illud
281 1059 354 1082 non
375 1046 510 1096 agitas,
532 1053 574 1082 ut
594 1051 762 1082 sanctam
781 1044 881 1082 filius
901 1046 1003 1082 omni

162 1099 362 1150 Adspiciat
381 1099 460 1136 sine
480 1099 564 1136 labe
586 1099 736 1136 domum
755 1098 922 1149 vitioque
943 1102 1158 1138 carentem?

82 1153 131 1193 70
162 1152 326 1190 Gratum
346 1160 412 1196 est,
435 1153 535 1203 quod
554 1152 686 1203 patriae
706 1153 825 1189 civem
844 1153 1056 1203 populoque
1077 1155 1224 1199 dedisti,

163 1206 203 1243 Si
222 1206 328 1250 facis,
351 1214 391 1243 ut
410 1206 542 1256 patriae
562 1207 611 1242 sit
630 1205 797 1248 idoneus,
818 1206 921 1243 utilis
941 1207 1055 1256 agris,

165 1259 282 1296 Utilis
304 1266 342 1296 et
361 1259 546 1296 bellorum
566 1266 604 1296 et
623 1259 725 1309 pacis
746 1258 857 1295 rebus
877 1260 1047 1309 agendis.

162 1313 372 1349 Plurimum
385 1313 485 1349 enim
498 1312 682 1356 intererit,
692 1312 827 1362 quibus
839 1313 994 1357 artibus,
1005 1324 1043 1351 et
1056 1316 1190 1365 quibus
1203 1316 1301 1352 1111110
1316 1323 1357 1350 tu

162 1366 336 1404 Moribus
357 1367 544 1403 instituas.
602 1367 783 1416 Serpente
805 1366 951 1403 ciconia
970 1368 1091 1418 pullos

84 1422 131 1460 75
167 1420 311 1463 Nutrit,
333 1427 370 1457 et
390 1420 541 1457 inventa
559 1433 627 1470 per
647 1419 756 1456 devia
775 1433 865 1456 rura
884 1420 1043 1458 lacerta:

164 1473 225 1510 Illi
245 1474 375 1510 eadem
395 1474 526 1511 sumtis
547 1480 720 1523 quaerunt
739 1473 917 1510 animalia
935 1474 1071 1525 pinnis,

164 1527 315 1571 Vultur,
332 1527 505 1578 jumento
525 1534 563 1564 et
583 1526 738 1564 canibus
759 1527 1008 1578 crucibusque
1028 1529 1183 1573 relictis,

164 1580 226 1618 Ad
246 1581 344 1618 fetus
365 1588 544 1632 properat
562 1588 784 1631 partemque
805 1581 1000 1619 cadaveris
1019 1583 1142 1620 affert.

164 1635 240 1671 Hic
261 1642 318 1672 est
337 1648 430 1685 ergo
452 1635 556 1672 cibus
576 1634 706 1684 magni
727 1648 874 1685 quoque
894 1635 1054 1673 vulturis
1075 1644 1113 1674 et
1133 1650 1171 1673 se

85 1691 133 1725 80
164 1688 372 1732 Pascentis‚
393 1689 548 1739 propria
567 1702 681 1739 quum
697 1688 778 1739 jam
797 1689 890 1726 facit
910 1689 1045 1727 arbore
1065 1690 1185 1727 nidos.

165 1741 238 1779 Sed
257 1742 425 1793 leporem
443 1749 509 1779 aut
528 1756 703 1793 capream
722 1741 872 1779 famulae
892 1743 917 1780 J
920 1756 998 1779 ovis
1019 1750 1057 1780 et
1075 1757 1268 1794 generosa*

162 1795 207 1831 In
226 1796 324 1833 saltu
342 1803 527 1833 venantur
547 1809 652 1832 aves:
682 1795 770 1832 hinc
790 1795 920 1846 praeda
939 1797 1055 1834 cubili

164 1848 343 1886 Ponitur:
375 1849 460 1886 inde
480 1856 617 1893 autem,
639 1863 754 1899 quum
774 1863 812 1886 se
831 1858 979 1887 matura
998 1851 1134 1888 levarit

164 1902 383 1952 Progenies,
404 1903 620 1940 stimulante
640 1904 749 1946 fame,
770 1902 924 1940 festinat
943 1903 992 1941 ad
1010 1905 1124 1947 illam,

88 1957 134 1992 85
167 1956 290 2000 Quam
311 1956 474 2005 primum
492 1956 658 2007 praedam
677 1963 788 2008 rupto
808 1964 1029 2007 gustaverat
1048 1972 1129 1995 ovo.

217 2009 438 2046 AEdificator
457 2017 539 2047 erat
561 2010 772 2054 Cetronius,
793 2018 831 2048 et
849 2011 959 2048 modo
980 2025 1094 2049 curvo

169 2062 296 2099 Litore
320 2062 471 2107 Caietae,
493 2077 635 2101 summa
653 2078 752 2101 nunc
775 2064 930 2102 Tiburis
949 2079 1047 2109 arce,

169 2116 281 2153 Nunc
303 2116 574 2154 Praenestinis
564 2131 605 2154 m
623 2118 812 2155 montibus
832 2118 910 2155 alta
927 2119 1085 2179 parabat

169 2169 344 2207 Culmina
363 2169 548 2213 villarum,
571 2171 716 2208 Graecis
736 2171 924 2222 longeque
943 2172 1071 2223 petitis

88 2225 138 2263 90
168 2223 435 2267 Marmoribus,
456 2223 608 2260 vincens
631 2224 807 2262 Fortunae
827 2233 940 2275 atque
962 2225 1141 2263 Herculis
1161 2226 1298 2268 aedem3

170 2277 227 2315 Ut
247 2277 361 2328 spado
381 2277 557 2314 vincebat
580 2277 770 2328 Capitolia
788 2285 918 2315 nostra
938 2278 1105 2316 Posides.

169 2330 272 2367 Dum
291 2330 345 2368 sic
366 2344 460 2381 ergo
479 2330 628 2367 habitat
651 2331 863 2375 Cetronius,
884 2331 1073 2370 imminuit
1092 2347 1183 2377 rem,

168 2383 305 2434 Fregit
322 2398 431 2435 opes3
461 2397 530 2421 nec
550 2397 667 2435 parva
685 2391 811 2422 tamen
830 2398 1006 2423 mensura
1023 2386 1168 2424 relictae

170 2437 296 2474 Partis
316 2445 418 2481 erat3
447 2445 566 2475 totam
585 2437 682 2475 hanc
701 2438 870 2475 turbavit
888 2438 986 2477 filius
1005 2453 1143 2484 amens,

91 2492 138 2530 95
171 2490 273 2528 Dum
292 2491 448 2529 meliore
467 2505 581 2530 novas
601 2491 742 2530 attollit
762 2505 946 2530 marmore
966 2493 1085 2531 villas.
