1446 2697
90 0 1342 114 Qwewmaffl

479 493 736 542 SATIRA
803 492 923 540 III.

160 763 352 813 QUAMVIQ
372 758 547 809 digressu
565 757 704 794 veteris
724 757 899 794 confusus
919 757 1041 802 amici,

160 814 289 860 Laudo
309 816 445 855 ta'men,
466 811 593 848 vacuis
614 811 713 861 quod
733 811 859 847 sedem
877 811 997 861 figere
1020 812 1148 849 Cumis

160 868 347 910 Destinet,
368 872 482 915 atque
503 878 617 901 unum
637 865 759 901 civem
778 858 917 901 donare
940 864 1103 916 Sibyllae.

156 919 574 968 J‘Qnuassaiarunrest,
595 925 632 954 et
651 923 805 968 gratum
823 917 912 955 litus
933 920 1069 956 amoeni

106 981 128 1015 5
162 976 349 1014 Secessus.
405 973 490 1022 Ego
509 971 569 1008 vel
590 971 820 1021 Prochytam
838 985 1014 1022 praepono
1037 973 1204 1011 Suburae.

161 1030 261 1066 Nam
280 1026 371 1078 quid
389 1032 466 1063 tam
486 1025 675 1069 miserum,
695 1032 774 1062 tam
792 1025 912 1062 solum
931 1026 1103 1071 vidimus,
1123 1035 1166 1064 ut
1185 1042 1259 1065 non

160 1081 341 1119 Deterius
362 1079 493 1117 credas
512 1079 670 1115 horrere
689 1078 874 1122 incendia,
895 1079 1020 1129 lapsus

161 1136 368 1172 Tectorum
389 1132 568 1175 assiduos,
589 1146 633 1169 ac
653 1131 756 1169 mille
775 1132 944 1183 pericula
963 1146 1068 1170 saevae

162 1188 291 1231 Urbis,
313 1195 351 1224 et
368 1188 545 1236 Augusto
564 1186 767 1223 recitantes
787 1199 913 1222 mense
933 1186 1085 1236 poetas?

85 1247 131 1282 10
161 1241 235 1280 Sed
255 1241 342 1278 dum
361 1247 443 1276 tota
461 1239 590 1276 domus
610 1238 702 1275 1·θῶ
721 1239 956 1288 componitur
976 1253 1059 1277 una.

162 1295 338 1333 Substitit
357 1292 405 1330 ad
423 1299 570 1329 veteres
590 1305 700 1329 arcus
719 1291 981 1342 madidamque
1005 1293 1206 1343 Capenam.

161 1349 250 1391 Hic,
270 1347 336 1383 ubi
354 1353 548 1383 nocturnae
570 1345 696 1382 Numa
715 1345 967 1382 constituebat
987 1346 1127 1384 amicae.

162 1402 274 1439 Nunc
295 1399 393 1437 sacri
412 1398 525 1436 fontis
545 1412 674 1435 nemus
694 1406 731 1435 et
750 1398 908 1435 delubra
926 1399 1099 1436 locantur

160 1454 314 1497 Judaeis,
336 1466 495 1503 quorum
515 1451 695 1502 cophinus
714 1452 930 1502 foenumque
950 1453 1128 1503 supellex.

88 1512 130 1547 15
162 1507 316 1558 (Omnis
336 1506 435 1543 enim
453 1505 591 1556 populo
611 1505 822 1542 mercedem
840 1506 1004 1556 pendere
1018 1506 1126 1557 jussa
1144 1516 1199 1545 est

163 1560 302 1603 Arbor,
324 1566 362 1596 et
381 1559 513 1608 ejectis
532 1558 721 1595 mendicat
740 1558 834 1596 silva
856 1559 1060 1608 Camenis.)

162 1615 208 1651 In
225 1614 362 1651 vallem
382 1612 533 1663 Egeriae
553 1612 814 1650 descendimus
834 1620 871 1649 et
891 1613 1087 1663 speluncas

160 1667 375 1704 Dissimiles
394 1666 506 1703 veris.
562 1666 712 1711 Quanto
732 1667 970 1716 praestantius
991 1674 1088 1704 esset

162 1721 314 1758 Numen
333 1734 449 1771 aquae,
470 1719 583 1756 viridi
604 1719 635 1756 si
654 1719 825 1769 margine
847 1719 1039 1758 clauderet
1058 1721 1176 1759 undas

84 1777 134 1812 20
165 1774 307 1817 Herba,
328 1787 397 1811 nec
418 1774 625 1823 ingenuum
642 1773 829 1810 violarent
848 1786 1036 1810 marmora
1054 1774 1234 1825 taphum?

162 1827 239 1864 Hic
258 1834 348 1864 tunc
372 1826 602 1870 Umbricius,
625 1826 784 1879 QaJQ)
804 1826 958 1871 artibus,
980 1827 1113 1878 inquit,
1133 1828 1299 1867 hone*tis

162 1880 300 1917 Nullus
320 1881 366 1923 in,
382 1880 490 1918 Urbe
509 1881 624 1921 locus,
645 1880 750 1916 nulla
769 1880 1019 1923 emolumenta
1036 1848 1248 1926 hboffi?

163 1934 239 1970 Res
257 1933 368 1971 hodie
388 1934 510 1970 minor
529 1941 595 1977 est,
616 1933 706 1970 here
727 1947 839 1984 quam
856 1934 940 1978 fuit,
961 1941 1073 1984 atque
1093 1936 1222 1973 eadem
1243 1950 1323 1973 cras
1370 1954 1388 1993 f

162 1987 325 2023 Deteret
344 1987 492 2037 exiguis
512 1978 679 2037 aliquid?
694 1987 935 2038 ‘proponimus
954 1987 1044 2025 illuc
1242 1967 1446 2068 „rw

83 2042 130 2078 25
162 2040 234 2083 Ire,
255 2039 433 2090 fatigatas
453 2040 517 2077 ubi
538 2040 717 2078 Daedalus
737 2041 840 2077 exuit
858 2041 948 2084 alas,
1167 2067 1182 2078 c
1195 2044 1207 2061 ²
1233 2061 1239 2069 ·

164 2093 268 2130 Dum
286 2106 383 2130 nova
401 2094 567 2136 canities,
589 2094 677 2130 dum
696 2094 818 2145 prima
837 2101 874 2131 et
893 2102 998 2131 recta
1018 2102 1200 2139 senectus,

164 2146 268 2183 Dum
287 2152 458 2196 superest
479 2147 650 2191 Lachesi,
672 2147 772 2197 quod
790 2155 976 2198 torqueat,
998 2156 1035 2184 et
1054 2148 1211 2198 pedibus
1229 2161 1288 2185 me

162 2199 281 2237 Porto
300 2199 404 2243 meis,
424 2199 528 2236 nullo
548 2200 719 2237 dextram
740 2201 922 2238 subeunte
942 2201 1089 2238 bacillo.

166 2253 352 2291 Cedamus
373 2252 512 2302 patria:
532 2253 660 2290 vivant
681 2254 859 2291 Artorius
878 2254 964 2291 istic

84 2308 135 2344 30
163 2306 214 2343 Et
236 2306 409 2344 Catulus:
439 2313 623 2349 maneant,
645 2307 709 2356 qui
728 2307 881 2357 nigrum
899 2308 938 2344 in
959 2306 1118 2344 candida
1136 2315 1299 2353 vertunt,
1324 2341 1332 2352 ,

164 2359 256 2405 Quis
273 2359 386 2396 facile
405 2369 462 2396 est
481 2359 598 2396 aedem
618 2360 837 2403 conducere,
858 2360 1022 2404 flumina,
1043 2368 1185 2411 portus,
1191 2356 1444 2450 W

165 2412 575 2456 Simmaeeluviem,
591 2413 816 2463 portandum
835 2413 882 2450 ad
901 2413 1011 2451 busta
1029 2413 1122 2451 cada
1148 2428 1190 2452 er

164 2465 215 2502 Et
233 2466 400 2517 praebere
421 2474 533 2517 caput
548 2465 699 2503 domina
715 2466 846 2503 venale
865 2467 933 2504 sub
951 2467 1070 2516 hasta.
1123 2429 1157 2508 K
1325 2464 1337 2474 ’
1367 2441 1446 2552 §Ns

165 2518 363 2564 Quondam
381 2519 422 2555 hi
441 2520 663 2563 cornicines,
684 2526 722 2556 et
741 2520 976 2571 municipalis
996 2533 1120 2558 arenae
1158 2470 1351 2599 W

88 2573 135 2608 35
166 2571 346 2623 Perpetui
365 2573 530 2618 comites,
552 2580 722 2623 notaeque
741 2587 809 2624 per
827 2573 964 2625 oppida
981 2574 1118 2618 buccae,
