1446 2697
106 378 177 417 190

107 645 175 683 195

103 912 178 947 200

107 1712 180 1747 215

110 1979 185 2013 220

114 2510 189 2545 230

627 81 646 110 J
651 76 869 111 UVENALIS.

207 163 281 200 Per
299 162 462 212 glaciem
479 173 619 211 perone
637 160 740 210 tegi3
769 160 834 210 qui
853 159 1050 196 submovet
1070 159 1192 196 Euros

208 216 378 253 Pellibus
398 213 568 251 inversis.
623 213 835 264 Peregrina
854 213 1059 264 ignotaque
1079 213 1186 250 nobis

208 269 270 306 Ad
289 269 409 306 scelus
429 275 542 318 atque
561 266 677 311 nefas,
698 280 941 318 quaecumque
962 274 1030 310 est,
1051 279 1219 317 purpura
1238 265 1352 303 ducit.

261 323 355 359 Haec
376 321 433 358 illi
450 328 596 358 veteres
614 328 805 372 praecepta
824 319 1050 357 minoribus:
1080 326 1120 356 at
1139 333 1237 356 nunc

208 376 299 412 Post
318 375 430 411 finem
449 374 642 411 auctumni
661 374 784 411 media
803 373 848 411 de
868 380 978 411 nocte
998 373 1172 424 supinum

210 429 403 466 Clamosus
417 428 594 479 juvenem
612 433 720 478 pater
739 427 898 464 excitat:
931 427 1074 478 Accipe
1095 439 1211 468 ceras,

208 482 350 526 Scribe,
370 495 474 532 puer,
495 481 624 531 vigila,
645 494 774 518 causas
794 494 877 531 age,
898 480 1053 531 perlege
1073 479 1208 518 rubras

208 535 397 585 Majorum
415 535 532 585 leges,
552 542 618 572 aut
637 535 751 571 vitem
770 547 881 585 posce
901 534 1042 571 libello.

208 589 281 626 Sed
301 595 414 639 caput
432 589 616 626 intactum
634 588 732 625 buxo
752 601 936 638 naresque
956 588 1094 638 pilosas

210 643 389 685 Annotet,
411 649 449 679 et
466 642 630 692 grandes
650 642 809 678 miretur
831 641 968 678 Laelius
989 641 1080 679 alas.

211 695 332 732 Dirue
353 695 576 732 Maurorum
594 695 768 745 attegias,
790 694 945 732 castella
966 694 1204 745 Brigantum,

211 749 266 786 Ut
285 749 510 800 locupletem
529 748 693 799 aquilam
712 748 783 785 tibi
804 748 1059 798 sexagesimus
1079 763 1198 786 annus

211 802 378 846 Afferat;
408 810 484 847 aut,
505 802 638 852 longos
659 810 870 839 castrorum
888 802 990 839 ferre
1010 802 1157 840 labores

209 856 248 894 Si
269 855 385 906 piget,
407 863 445 893 et
463 855 653 906 trepidum
672 855 820 892 solvunt
839 855 910 892 tibi
930 869 1070 893 cornua
1091 866 1260 894 ventrem

211 909 305 946 Cum
324 909 429 946 lituis
449 909 588 953 audita,
609 922 728 960 pares,
750 908 850 960 quod
870 909 1032 946 vendere
1051 911 1170 960 possis

208 962 334 999 Pluris
355 962 522 1007 dimidio,
543 976 612 1000 nec
632 969 670 999 te
689 962 845 999 fastidia
865 962 999 1000 mercis

212 1015 337 1053 Ullius
357 1016 515 1053 subeant
533 1016 753 1066 ablegandae
776 1016 947 1053 Tiberim
967 1016 1086 1054 ultra:

210 1069 294 1106 Neu
316 1069 446 1106 credas
465 1069 678 1121 ponendum
696 1069 841 1120 aliquid
860 1069 1087 1107 discriminis
1108 1072 1206 1108 inter

212 1122 419 1172 Unguenta
438 1130 477 1160 et
495 1123 651 1161 corium.
708 1123 824 1160 Lucri
843 1122 962 1160 bonus
983 1132 1038 1161 est
1057 1124 1150 1161 odor
1170 1140 1214 1161 ex
1237 1140 1275 1162 re

210 1175 400 1221 Qualibet.
458 1176 530 1214 Illa
548 1184 612 1214 tuo
632 1177 819 1213 sententia
838 1190 985 1228 semper
1006 1178 1044 1213 in
1064 1191 1129 1215 ore

212 1229 406 1273 Versetur,
430 1230 498 1267 Dis
517 1237 630 1280 atque
650 1230 730 1280 ipso
750 1230 846 1267 Jove
867 1230 993 1280 digna,
1014 1239 1152 1281 poetae:

213 1282 324 1321 Unde
343 1282 493 1327 habeas,
515 1283 650 1334 quaerit
669 1297 797 1326 nemo;
819 1283 884 1321 sed
903 1292 1052 1334 oportet
1072 1284 1223 1322 habere.

211 1336 295 1373 Hoc
316 1343 527 1374 monstrant
547 1337 682 1374 vetulae
701 1337 827 1387 pueris
848 1337 1066 1388 repentibus
1086 1351 1197 1375 assae:

213 1390 297 1426 Hoc
318 1389 468 1426 discunt
487 1404 614 1427 omnes
635 1398 721 1427 ante
742 1391 855 1442 alpha
874 1399 912 1428 et
931 1391 1019 1428 beta
1038 1392 1186 1442 puellae.

215 1442 372 1479 Talibus
393 1443 596 1481 inst-antem
615 1444 767 1481 monitis
787 1458 1058 1495 quemcumque
1079 1454 1273 1496 parentem

212 1496 273 1533 Sic
294 1510 438 1546 possem
458 1496 583 1534 affari:
617 1497 702 1540 Dic,
727 1497 762 1534 O
783 1497 993 1541 vanissime,
1015 1499 1096 1548 quis
1117 1509 1154 1537 te

213 1549 242 1586 F
245 1550 408 1587 estinare
423 1550 557 1600 jubet?
586 1550 780 1587 meliorem
799 1559 936 1601 praesto
957 1552 1141 1602 magistro

214 1603 471 1654 Discipulum:
503 1617 655 1642 securus
676 1603 754 1640 abi:
785 1604 957 1648 vinceris,
979 1612 1020 1641 ut
1042 1605 1143 1655 Ajax

214 1656 405 1694 Praeteriit
428 1657 680 1701 Telamonem,
703 1665 744 1694 ut
767 1657 879 1694 Pelea
898 1658 988 1695 vicit
1011 1659 1191 1696 Achilles.

214 1709 449 1747 Parcendum
470 1711 629 1748 teneris:
660 1711 824 1748 nondum
845 1711 1046 1762 implevere
1066 1713 1246 1750 medullas

215 1763 377 1801 Maturae
398 1764 497 1801 mala
516 1764 704 1815 nequitiae.
762 1765 886 1810 Quum
907 1775 1058 1816 pectere
1079 1766 1234 1803 barbam

215 1816 393 1867 Coeperst,
417 1825 455 1855 et
475 1817 579 1869 longi
599 1832 815 1856 mucronem
835 1818 1036 1856 admittere
1057 1821 1181 1857 cultri.

215 1869 346 1907 Falsus
366 1871 440 1908 erit
458 1871 577 1915 testis,
599 1871 735 1909 vendet
754 1872 924 1923 perjuria
943 1886 1086 1910 summa

213 1922 373 1973 Exigua,
394 1932 432 1961 et
455 1925 605 1962 Cereris
625 1933 784 1976 tangens
804 1939 981 1976 aramque
1002 1927 1220 1977 pedemque.

216 1976 364 2014 Elatam
379 1978 460 2028 jam
480 1978 591 2016 crede
611 1993 757 2023 nurum,
779 1979 809 2016 si
831 1979 961 2016 limina
980 1988 1105 2017 vestra

216 2030 417 2068 Mortifera
436 2045 518 2068 cum
540 2031 626 2069 dote
646 2032 758 2069 subit.
815 2033 960 2078 Quibus
982 2033 1047 2070 illa
1066 2043 1257 2085 premetur

215 2084 290 2121 Per
309 2098 478 2122 somnum
499 2085 648 2136 digitis!
679 2099 764 2123 nam
785 2100 869 2137 quoe
888 2088 1066 2138 terraque
1087 2087 1256 2137 marique

218 2137 460 2188 Aequirenda
479 2147 598 2190 putas.
620 2139 770 2177 brevior
792 2140 851 2176 via
871 2140 1039 2178 conferet
1060 2141 1126 2177 illi.

218 2191 353 2229 Nullus
373 2192 472 2229 euim
493 2193 619 2243 magni
640 2193 791 2230 sceleris
812 2193 929 2230 labor.
989 2195 1081 2232 Haec
1102 2208 1173 2244 ego
1195 2207 1395 2244 numquam

217 2244 405 2290 Mandavi,
427 2245 528 2284 dices
548 2247 648 2290 olim,
671 2261 739 2284 nec
760 2247 851 2284 talia
870 2248 980 2285 suasi.

220 2297 358 2335 Mentis
379 2313 490 2337 causa
509 2300 616 2337 malae
635 2308 758 2338 tamen
779 2309 845 2344 est,
868 2310 904 2338 et
924 2301 1034 2351 origo
1053 2314 1165 2352 penes
1186 2309 1234 2337 te.

218 2349 313 2386 Nam
336 2352 503 2403 quisquis
523 2354 649 2405 magni
671 2368 802 2391 census
823 2354 1003 2405 proecepit
1021 2367 1197 2394 amorem.

218 2402 266 2439 Et
286 2403 379 2440 laevo
400 2407 543 2444 monitu
563 2421 698 2458 pueros
718 2407 892 2459 producit
911 2421 1054 2449 avaros,

219 2455 295 2493 'Et
315 2457 377 2507 qui
400 2472 465 2508 per
485 2460 636 2498 fraudes
657 2462 882 2512 patrimonia
900 2459 1164 2510 conduplicare

222 2509 297 2547 Dat
319 2510 542 2556 libertatem,
564 2522 601 2551 et
620 2522 718 2552 totas
738 2514 897 2552 effundit
916 2513 1079 2551 habenas
