1446 2697
74 258 122 294 35

75 528 124 561 40

73 796 121 830 45

70 1065 122 1099 50

70 1332 119 1366 55

70 1595 120 1633 60

70 1862 118 1900 65

70 2131 120 2169 70

69 2398 118 2435 75

566 70 723 99 SATIRA
743 69 834 99 xm.
1291 62 1345 103 17

155 148 344 199 Sportula·
400 148 476 186 Dic
496 149 621 186 senior
640 148 744 185 bulla
762 147 994 198 dignissime,
1014 150 1148 194 nescis,

154 202 257 247 Quas
275 202 412 240 habeat
433 202 601 239 Veneres
620 202 743 238 aliena
761 202 947 252 pecunia?
974 203 1107 247 nescis,

155 256 278 300 Quem
296 263 362 293 tua
381 256 600 306 simplicitas
619 255 737 292 risum
755 255 872 305 vulgo
891 263 1049 300 moveat,
1071 270 1186 307 quum

154 309 290 360 Exigis
309 323 332 346 a
351 323 547 360 quoquam,
567 322 615 345 ne
633 308 779 359 pejeret
797 316 836 345 et
855 316 962 360 putet
981 309 1067 347 ullis

154 362 247 400 Esse
266 363 419 414 aliquod
436 376 573 400 numen
591 362 740 412 templis
760 375 908 413 araeque
927 363 1105 401 rubenti?

154 417 353 462 Quondam
372 417 442 454 hoc
462 416 650 466 indigenae
668 416 844 452 vivebant
862 430 978 460 more,
998 417 1103 468 prius
1124 431 1236 468 quam

156 471 330 508 Sumeret
349 477 538 520 agrestem
556 470 679 520 posito
699 469 910 506 diademate
930 470 1065 507 falcem

156 525 338 562 Saturnus
356 524 506 574 fugiens
521 537 530 560 t
560 531 661 567 tunc,
682 537 797 574 quum
815 523 1041 573 virguncula
1058 526 1085 563 J
1087 539 1160 562 uno

153 577 204 614 Et
223 578 389 628 privatus
408 577 531 614 adhuc
552 577 662 614 Idaeis
681 577 833 628 Jupiter
852 578 982 614 antris.

154 631 272 668 Nulla
289 645 400 682 super
419 631 535 668 nubes
556 631 727 668 convivia
748 631 1023 676 coelicolarum,

155 685 236 722 Nec
254 698 348 735 puer
369 685 517 728 Iliacus,
538 684 703 722 formosa
720 698 789 721 1166
812 685 991 722 Herculis
1010 699 1106 722 uxor

157 738 218 775 Ad
236 738 401 788 cyathos,
423 746 461 775 et
473 740 555 789 jam
573 739 714 775 siccato
732 745 886 775 nectare
904 746 1060 789 tergens

154 792 318 829 Brachia
339 792 530 829 Vulcanus
552 793 724 843 Liparaea
741 792 855 842 nigra
873 792 1042 830 taberna.

152 845 368 883 Prandebat
387 846 460 883 sibi
479 846 634 897 quisque
656 846 772 889 Deus,
793 859 862 883 nec
881 846 994 883 turba
1014 847 1185 884 Deorum

154 899 270 943 Talis,
290 907 332 936 ut
351 907 407 937 est
426 900 549 944 hodie,
571 907 821 950 contentaque
841 899 965 937 sidera
982 901 1112 951 paucis

152 953 380 990 Numinibus
400 953 578 991 miserum
596 953 786 1004 urgebant
808 953 966 990 Atlanta
983 954 1122 992 minori

152 1007 336 1045 Pondere.
393 1008 573 1044 Nondum
591 1008 727 1058 aliquis
748 1007 905 1044 sortitus
925 1008 1037 1045 triste
1056 1008 1237 1059 profundi

154 1061 368 1112 Imperium,
389 1068 454 1098 aut
476 1061 604 1099 Sicula
621 1068 750 1098 torvus
771 1075 855 1098 cum
875 1061 1038 1112 conjuge
1058 1062 1210 1100 Pluton.

152 1116 233 1151 Nec
252 1123 346 1158 rota,
367 1129 437 1152 nec
458 1115 594 1158 Furiae,
614 1129 684 1153 nec
703 1129 844 1158 saxum,
865 1122 931 1151 aut
949 1116 1110 1152 vulturis
1129 1117 1204 1154 atri

151 1168 289 1211 Poena;
319 1168 385 1205 sed
403 1168 561 1205 infernis
580 1169 720 1205 hilares
740 1169 819 1205 sine
839 1168 995 1218 regibus
1014 1169 1168 1206 umbrae.

151 1221 377 1271 Improbitas
396 1222 461 1259 isso
481 1222 553 1258 fuit
572 1221 805 1258 admirabilis
824 1235 914 1259 aevo.

153 1274 367 1312 Credebant
385 1275 457 1312 hoc
476 1275 622 1325 grande
641 1275 745 1311 nefas
765 1282 803 1312 et
822 1281 943 1312 morte
964 1275 1153 1325 piandum,

153 1329 192 1365 Si
212 1329 239 1365 J
240 1329 369 1365 uvenis
389 1329 515 1365 vetulo
534 1342 609 1365 non
628 1335 898 1372 assurrexerat,
919 1335 958 1365 et
976 1329 1009 1365 si

152 1381 319 1418 Barbato
340 1382 561 1432 cuicumque
581 1395 684 1432 puer,
705 1381 796 1418 licet
814 1381 894 1432 ipse
913 1382 1061 1419 videret

150 1435 268 1472 Plura
285 1435 387 1472 domi
405 1435 516 1485 fraga
534 1443 571 1472 et
591 1434 751 1485 majores
770 1435 920 1484 glandis
939 1448 1104 1474 acervos.

153 1488 248 1525 Tam
266 1488 480 1526 venerabile
500 1496 592 1533 erat,
613 1489 825 1539 praecedere
845 1496 1006 1539 quatuor
1025 1490 1143 1535 annis,

150 1541 353 1593 Primaque
373 1556 442 1593 par
460 1542 554 1580 adeo
574 1556 690 1579 sacrae
709 1542 850 1592 lanugo
872 1545 1051 1581 senectae!

151 1595 274 1639 Nunc,
296 1596 328 1632 si
348 1596 556 1647 depositum
575 1610 652 1632 non
669 1595 855 1632 infitietur
873 1596 1027 1641 amicuS,

150 1649 191 1686 Si
209 1649 344 1686 reddat
362 1657 529 1687 veterem
548 1664 634 1687 cum
652 1657 734 1686 tota
751 1649 921 1699 aerugine
941 1649 1080 1701 follem,

149 1702 378 1753 Prodigiosa
397 1703 488 1741 fides
509 1711 547 1740 et
569 1703 704 1740 Tuscis
724 1703 841 1753 digna
860 1703 1010 1748 libellis,

150 1756 316 1807 Quaeque
337 1765 517 1794 coronata
533 1757 689 1794 lustrari
709 1756 843 1794 debeat
862 1770 972 1807 agna.

150 1809 362 1860 Egregium
381 1818 624 1861 sanctumque
645 1811 767 1847 virum
786 1811 819 1847 si
837 1824 962 1854 cerno,
982 1811 1182 1850 bimembri

151 1863 236 1900 Hoc
255 1872 462 1901 monstrum
482 1878 609 1915 puero,
629 1871 696 1901 aut
714 1864 868 1901 miranti
887 1864 955 1901 sub
975 1872 1103 1902 aratro

151 1916 324 1955 Piscibus
342 1917 514 1962 inventis,
535 1925 573 1955 et
591 1918 677 1955 fetae
697 1931 873 1968 comparo
893 1918 1014 1963 muJae,

152 1969 356 2015 Sollicitus,
375 1979 567 2022 tamquam
586 1972 728 2022 lapides
749 1971 926 2008 effuderit
943 1972 1074 2016 imber,

150 2023 363 2061 Examenve
383 2025 508 2075 apium
526 2025 642 2076 longa
661 2025 874 2062 consederit
892 2039 965 2062 uva

153 2076 327 2114 Culmine
348 2077 505 2122 delubri,
525 2086 716 2129 tamquam
735 2079 775 2115 in
794 2093 897 2116 mare
916 2079 1069 2116 fluxerit
1087 2080 1207 2116 amnis

152 2130 381 2180 Gurgitibus
401 2132 518 2175 miris,
540 2139 578 2169 et
595 2132 706 2169 lactis
725 2133 869 2169 vortice
889 2142 1048 2177 torrens,

202 2184 419 2234 Intercepta
439 2184 568 2222 decem
587 2185 754 2235 quereris
775 2186 950 2222 sestertia
967 2185 1100 2222 fraude

150 2237 370 2288 Sacrilega?
428 2238 529 2283 Quid
548 2238 580 2275 si
599 2239 656 2275 bis
677 2246 829 2275 centum
847 2239 1015 2289 perdidit
1033 2239 1130 2275 alter

149 2290 234 2328 Hoc
254 2304 393 2328 arcana
410 2291 547 2328 modo?
575 2293 756 2342 majorem
774 2293 910 2329 tertius
929 2292 997 2328 illa

149 2343 348 2388 Summam,
371 2359 482 2396 quarn
500 2345 637 2395 patulae
656 2345 719 2381 vix
738 2352 890 2395 ceperat
908 2345 1069 2394 angulus
1088 2345 1211 2383 arcae?

152 2397 248 2434 Tam
266 2397 378 2435 facile
398 2406 435 2436 et
454 2411 614 2449 pronum
633 2405 699 2441 est,
720 2412 874 2449 superos
894 2406 1133 2437 contemnere
1152 2406 1277 2444 testes,

150 2449 191 2488 Si
208 2451 376 2488 mortalis
396 2452 497 2489 idem
515 2466 623 2489 nemo
643 2452 757 2489 sciat!
815 2451 992 2503 Adspice,
1013 2460 1154 2503 quanta

150 2503 254 2541 Voce
273 2505 414 2555 neget?
443 2517 525 2556 quoe
545 2505 594 2542 sit
611 2505 690 2542 ficti
710 2505 921 2542 constantia
939 2506 1089 2543 vultus?

147 2555 223 2593 Per
243 2558 340 2595 Solis
360 2559 485 2596 radios
509 2559 745 2609 Tarpeiaque
765 2559 923 2596 fulmina
936 2559 1052 2610 jurat,
