1446 2697
612 46 769 76 SATIRA
788 47 828 78 x.
1349 37 1374 77 9

181 127 434 172 Democritus,
454 140 679 177 quamquam
697 141 772 163 non
792 133 917 163 essent
935 126 1092 163 urbibus
1111 126 1186 163 illis

101 185 149 220 35
180 182 372 219 Praetexta
389 187 428 218 et
445 181 596 223 trabeae,
617 180 748 223 fasces,
769 180 915 223 lectica,
935 179 1114 216 tribunal.

179 235 294 281 Quid,
314 234 346 271 si
364 234 521 271 vidisset
540 234 748 271 Praetorem
768 234 941 270 curribus
961 233 1048 270 altis

178 289 410 330 Exstantem,
431 295 469 324 et
488 287 610 324 medio
630 286 828 324 sublimem
847 286 886 323 in
905 287 1059 337 pulvere
1082 286 1186 324 Circi

180 343 225 379 In
243 342 372 379 tunica
391 342 416 379 J
419 341 508 381 ovis,
529 346 567 377 et
587 340 705 377 Piotae
727 341 890 378 Sarrana
909 340 1093 377 ferentem

179 396 238 433 Ex
256 395 423 432 humeris
442 394 560 431 aulaea
577 400 688 444 togae,
709 407 930 444 magnaeque
950 407 1096 431 coronae

99 453 148 486 40
183 450 347 486 Tantum
367 449 506 492 orbem,
527 454 666 498 quanto
687 448 814 484 cervix
833 461 909 484 non
929 447 1065 484 sufficit
1084 447 1185 484 ulla?

178 503 327 554 Quippe
347 508 450 539 tenet
469 501 605 538 sudans
624 500 721 538 hanc
741 501 925 551 publicuS,
947 508 995 544 et,
1016 501 1089 538 sibi
1112 500 1250 539 Consul

179 557 239 594 Ne
259 557 415 607 placeat,
437 569 552 592 curru
571 568 699 591 servus
719 561 893 605 portatur
913 555 1056 591 eodem.

177 611 241 647 Da
259 623 356 646 nunc
376 616 414 646 et
433 608 632 651 volucrem,
654 616 803 658 sceptro
824 621 906 658 quae
926 608 1050 658 surgit
1070 608 1223 651 eburno,

182 663 291 700 Illinc
312 662 531 705 cornicines,
551 661 639 698 hinc
661 662 912 712 praecedentia
931 661 1036 711 longi

97 720 145 754 45
177 716 352 767 Agminis
372 715 505 758 officia,
526 722 563 752 et
582 715 709 752 niveos
729 715 776 751 ad
795 715 904 752 frena
923 715 1104 760 Quirites,

178 769 368 807 Defossa'
358 783 398 805 1n
416 769 550 806 loculis
570 782 663 829 quos
683 769 851 830 sportula
869 769 962 806 fecit
981 769 1132 806 amicos.

179 823 287 860 Tunc
307 836 454 873 quoque
473 822 670 860 materiam
690 822 787 859 iisus
807 823 952 859 invenit
971 822 1019 859 ad
1038 836 1166 859 omnes

179 877 370 914 Occursus
389 876 593 919 hominum,
616 876 721 927 cujus
740 876 942 927 prudentia
960 883 1103 913 monst1
1106 883 1155 919 at

178 931 348 967 Summos
367 944 474 980 posse
494 930 594 967 viros
614 938 652 967 et
671 943 808 980 magna
829 930 999 980 exempla
1019 929 1171 967 daturos

97 986 147 1022 50
178 984 391 1021 Vervecum
409 983 449 1020 in
468 983 592 1034 patria
611 997 810 1033 crassoque
831 984 898 1020 sub
918 987 1005 1021 aere
1024 984 1140 1021 nasci.

177 1037 341 1074 Ridebat
361 1051 469 1074 curas
488 1051 557 1074 nec
577 1051 649 1074 non
671 1044 708 1074 et
727 1037 869 1087 gaudia
886 1037 1003 1087 vulgi,

176 1090 372 1127 Interdum
390 1097 428 1128 et
447 1091 643 1133 lacrumas,
665 1105 779 1141 quum
801 1091 977 1128 Fortunae
997 1091 1076 1142 ipse
1097 1090 1235 1128 minaci

175 1144 376 1181 Mandaret
394 1145 581 1195 laqueum,
602 1144 839 1194 mediumque
860 1144 1075 1182 ostenderet
1094 1158 1272 1194 unguem.

176 1197 282 1247 Ergo
302 1211 533 1248 supervacua
550 1205 615 1235 aut
634 1198 847 1248 perniciosa
865 1204 1055 1247 petuntur,

99 1253 147 1289 55
180 1250 343 1301 Propter
363 1264 444 1301 quae
463 1251 519 1287 fas
540 1258 597 1287 est
615 1265 740 1300 genua
758 1251 929 1288 incerare
950 1251 1131 1288 Deorum.

230 1304 422 1348 Quosdam
441 1304 655 1354 praecipitat
675 1304 844 1354 subjecta
862 1304 1032 1354 potentia
1049 1317 1197 1354 magnae

178 1357 352 1400 Invidiae3
372 1357 513 1407 mergit
531 1357 647 1408 longa
665 1366 777 1408 atque
797 1358 956 1408 insignis
976 1358 1160 1395 honorum

177 1410 344 1460 Pagina3
365 1410 596 1448 descendunt
615 1418 758 1455 statuae,
779 1418 991 1461 restemque
1013 1419 1231 1461 sequuntur·
1359 1409 1446 1503 Τ

178 1464 281 1514 Ipsas
302 1464 435 1501 deinde
455 1471 557 1501 rotas
578 1465 754 1514 bigarum
773 1465 937 1515 impacta
956 1466 1098 1502 securis
1114 1461 1142 1492 μ
1277 1426 1371 1505 W

98 1516 147 1553 60
179 1517 309 1561 Caedit,
330 1525 368 1555 et
386 1518 584 1554 immeritis
604 1519 833 1568 franguntur
853 1532 966 1556 crura
985 1519 1152 1556 caballis.

175 1571 263 1608 Jam
282 1571 475 1608 stridunt
465 1585 584 1622 lgnes‚
600 1572 681 1622 jam
700 1571 853 1609 follibus
873 1579 985 1622 atque
1006 1573 1161 1610 caminis

177 1624 300 1661 Ardet
319 1625 516 1662 adoratum
535 1625 673 1676 populo
694 1633 816 1676 caput,
838 1633 875 1662 et
895 1634 1034 1680 crepat
1044 1627 1178 1676 ingens

177 1678 352 1728 Sejanus:
373 1678 508 1715 deinde
528 1693 573 1716 ex
593 1679 690 1716 facie
709 1686 790 1716 toto
810 1679 902 1716 orbe
921 1672 1086 1717 secunda

175 1731 290 1768 Fiunt
310 1732 464 1776 urceoli,
485 1733 622 1783 pelves,
645 1739 809 1794 sartago,
830 1733 1021 1783 patellaed

97 1785 143 1822 (55
175 1785 278 1822 Pone
299 1785 399 1823 domi
417 1786 554 1829 lauros,
576 1786 677 1824 duc
667 1800 706 1823 in
730 1787 918 1836 Capitolia
936 1800 1116 1837 magnum

177 1838 446 1890 Cretatumque
466 1839 616 1876 bovem:
641 1840 796 1890 Sejanus
817 1840 968 1877 ducitur
988 1854 1085 1877 unco

177 1891 424 1941 Spectandus:
445 1893 613 1943 gaudent
632 1907 772 1930 omnes.
828 1894 921 1939 Quae
940 1893 1072 1930 labra?
1093 1894 1176 1944 quis
1195 1893 1253 1930 illi

176 1944 313 1982 Vultus
333 1947 438 1982 erat?
457 1961 671 1997 numquam,
693 1947 724 1983 si
744 1947 835 1997 quid
853 1947 946 1984 mihi
967 1947 1100 1989 credis,
1121 1948 1243 1984 amavi

177 1998 290 2035 Hunc
308 1998 507 2037 hominem.
565 2001 639 2038 Sed
658 2014 730 2051 quo
750 2001 888 2038 cecidit
907 2000 975 2037 sub
996 2000 1177 2038 crimine?
1197 2000 1364 2051 quisnam

97 2051 145 2090 70
178 2051 363 2088 Delator?
384 2053 518 2102 quibus
539 2054 714 2092 indiciis?
736 2068 809 2104 quo
828 2061 923 2091 teste
943 2055 1142 2105 probavit?

176 2104 244 2142 Nil
262 2104 416 2142 horum:
437 2107 596 2143 verbosa
614 2115 652 2144 et
670 2108 826 2158 grandis
847 2107 1005 2159 epistola
1025 2107 1126 2145 venit

176 2160 211 2195 A
235 2158 401 2208 Capreis.
458 2159 559 2196 Bene
579 2160 710 2204 habet3
730 2161 783 2198 nil
802 2161 885 2212 plus
905 2161 1111 2210 interrogo.
1169 2159 1242 2198 Sed
1262 2159 1351 2210 quid

175 2211 307 2248 Turba
328 2212 464 2249 Remi?
521 2213 1333 2264 qumm-EQQQ-ossit

175 2265 556 2318 Damnatos.1‚dem
574 2267 744 2317 populus,
766 2268 797 2304 si
818 2268 961 2304 Nursia
983 2267 1107 2304 Tusco
1218 2273 1240 2326 j

95 2320 142 2358 75
175 2318 354 2362 Favisset,
376 2319 407 2356 si
427 2333 605 2380 oppressa
622 2320 722 2367 foret
741 2334 873 2363 secura
892 2327 1064 2357 senectus

173 2371 373 2422 Principis,
393 2373 493 2410 hac
485 2386 566 2423 lpsa
587 2369 763 2423 Sejanum
782 2374 926 2411 diceret
946 2374 1040 2410 hora
1209 2392 1228 2427 Ι

172 2426 402 2475 Augustum.
455 2427 542 2464 Jam
562 2426 717 2476 pridem,
739 2441 781 2463 c
775 2441 877 2477 quo
897 2426 1079 2477 suffragia
1097 2427 1192 2464 nulli

173 2478 207 2514 V
211 2479 391 2523 endimus,
412 2480 544 2517 effudit
564 2494 684 2517 curas.
741 2481 840 2517 Nam
847 2479 925 2540 ‘qui
944 2479 1057 2517 dabat
1076 2480 1167 2517 olim

171 2531 386 2582 Imperium,
406 2533 537 2578 fasces,
557 2533 736 2584 legiones,
757 2533 891 2578 omnia,
912 2547 1010 2571 nunc
1029 2546 1069 2571 se

278 2531 1420 2697 wwfvfflrssffffimmf*
