1446 2697
67 63 90 96 10

594 66 840 182 JUVffiALIS.

171 148 332 185 Munera
350 160 448 184 nunc
469 146 595 189 edunt,
615 152 653 182 et
696 159 779 182 erso
799 144 935 196 pollice
955 144 1061 195 vulgi

171 201 294 246 Quem
313 201 406 237 libet
425 199 604 236 occidunt
622 199 874 250 populariter:
902 195 989 234 inde
1009 199 1150 236 reversi

15 258 113 312 Q
172 254 396 292 Conducunt
414 253 574 306 forjcas3
603 261 641 290 et
660 266 727 289 cur
745 266 820 289 non
839 252 988 289 omnia?
1009 265 1124 302 quum
1138 252 1224 297 sint,

0 289 134 381 ¹³⁸3„-
170 308 310 353 Quales
331 321 375 343 ex
394 306 529 343 humili
547 319 686 356 magna
704 306 757 342 ad.
771 305 927 355 fastigia
945 319 1074 342 rerum

90 364 140 399 40
171 361 341 404 Extollit,
363 360 509 410 quoties
530 359 648 396 voluit
670 359 839 396 Fortuna
855 359 991 409 jocari.

169 414 271 459 Quid
293 415 421 450 Roma:
440 413 603 450 faciam?
659 413 817 449 Mentiri
836 413 982 449 neseio:
1012 411 1163 456 librum,

170 468 210 506 Si
229 468 347 504 malus
368 475 434 511 est,
454 480 600 516 nequeo
620 466 774 503 laudare
795 474 832 502 et
851 479 1025 516 poscere:
1045 472 1168 502 motus
1267 507 1284 524 ί
1325 487 1335 493 -
1370 465 1436 515 A*

76 531 105 601 χ(
167 522 371 558 Astrorum
390 521 546 571 ignoro:
565 520 677 556 funus
697 519 918 570 promittere
938 519 1057 570 patris
1235 491 1376 572 ὓμνων
1394 508 1446 563 Μ

169 575 251 612 Nec
271 575 366 617 volo,
387 588 456 611 nec
475 587 644 624 possum:
674 587 851 610 ranarum
871 573 1017 610 viscera
1035 571 1238 623 numquam

89 630 136 667 45
169 628 331 678 Inspexi.
386 628 503 664 Ferre
523 627 571 664 ad
591 634 757 677 nuptam,
779 640 860 677 quae
879 627 998 664 mittit
1017 626 1173 670 adulter,

168 681 261 726 Quae
282 681 444 724 mandat,
465 688 604 718 norunt
623 680 700 716 alii.
756 681 820 717 Me
841 694 949 717 nemo
969 680 1142 717 ministro

170 735 248 771 Fur
267 735 352 777 erit,
373 742 484 785 atque
506 734 589 771 ideo
609 733 704 770 nulli
725 747 847 771 comes
868 747 970 777 exeo,
992 742 1182 784 tamquam

168 788 338 832 Maneus,
358 796 397 826 et
415 788 609 834 exstinctae
630 801 765 837 corpus
786 801 861 824 non
881 787 973 824 utile
994 787 1148 839 dssssttffi-

166 841 260 886 Quis
281 856 378 879 nunc
399 842 584 892 diligitur,
605 841 677 878 nisi
698 841 879 884 conscius,
901 848 940 878 et
959 841 1021 878 cui
1040 841 1188 878 fervens

86 897 137 932 50
165 895 311 932 AEstuat
331 895 488 932 occultis
509 895 654 932 animus
674 908 895 945 semperque
914 894 1110 931 tacendis?

167 948 233 985 Nil
254 949 324 985 tibi
341 963 379 986 se
401 948 537 986 debere
557 955 674 999 putat,
696 948 746 984 nil
770 948 939 985 conferet
957 962 1145 998 umquam,

166 1001 397 1053 Participem
417 1002 482 1052 qui
501 1010 538 1039 te
559 1001 694 1039 secreti
715 1001 806 1038 fecit
826 1001 986 1039 honesti.

167 1055 286 1092 Carus
305 1056 378 1093 erit
400 1056 525 1099 Verri,
546 1055 611 1106 qui
633 1055 794 1092 Verrem
813 1063 992 1106 tempore,
1015 1069 1088 1105 quo
1108 1055 1197 1098 vult,

165 1110 358 1146 Accusare
379 1116 512 1159 potest.
570 1109 603 1159 l
605 1109 684 1158 anti
705 1108 776 1145 tibi
794 1123 868 1146 non
889 1109 938 1146 sit
957 1110 1065 1159 opaci

0 1168 50 1245 β
84 1164 133 1199 55
167 1161 302 1212 Qumis
321 1175 438 1201 arena
458 1162 570 1213 Tagi,
591 1158 765 1212 qnodque
785 1162 823 1199 in
844 1176 946 1199 mare
967 1163 1132 1199 volvitur
1152 1175 1295 1204 aurum.

74 1240 77 1243 -
167 1214 221 1252 Ut
240 1229 369 1252 somno
385 1229 525 1259 careas,
547 1215 791 1266 ponendaque
811 1216 966 1266 praemia
985 1229 1109 1253 sumas

164 1268 314 1311 Tristis,
335 1276 373 1306 et
392 1283 414 1306 a
433 1283 571 1319 magno
591 1283 737 1320 semper
756 1269 925 1306 timearis
945 1269 1078 1307 amico.

215 1322 308 1367 Quae
330 1336 426 1360 nuuc
447 1322 626 1370 divitibus
645 1336 739 1372 gens
760 1323 1022 1373 acceptissima
1040 1325 1190 1365 nostris,

163 1374 213 1411 Et
231 1388 323 1425 quos
343 1376 529 1426 praecipue
543 1374 705 1426 Yugiam,
726 1377 936 1427 properabo
957 1377 1080 1421 fateri,

83 1428 132 1466 60
163 1428 246 1473 Nec
260 1429 387 1479 'pudor
406 1429 583 1466 obstabit.
642 1430 730 1466 Non
749 1443 899 1480 possum
917 1430 1031 1473 ferre,
1053 1431 1232 1476 Quirites,

162 1481 336 1524 Graecam
356 1483 505 1529 urbem:
536 1483 704 1533 quamvis
725 1491 839 1533 quota
858 1485 982 1534 portio
1003 1484 1105 1521 faecis
1128 1485 1283 1523 Achmi?

159 1535 248 1572 Jam
268 1536 414 1586 pridem
437 1537 552 1586 Syrus
572 1537 611 1572 in
633 1536 803 1573 Tiberim
825 1536 980 1574 defluxit
1003 1538 1168 1575 Orontes

161 1588 211 1625 Et
231 1589 411 1640 linguam,
433 1598 470 1626 et
492 1604 624 1633 mores,
646 1599 683 1627 et
704 1604 788 1627 cum
807 1591 964 1628 tibicine
981 1590 1141 1643 chmssas
1155 1566 1350 1650 {W

162 1642 358 1693 Obliquas,
379 1657 448 1680 nec
469 1657 542 1680 non
561 1643 722 1693 gentilia
740 1652 917 1694 tympana
937 1658 1063 1682 secum

19 1712 41 1744 ..²
53 1689 64 1721 ’ν
75 1691 128 1735 65
161 1694 287 1739 vexit,
309 1704 346 1734 et
365 1697 413 1734 ad
429 1697 584 1734 Circum
599 1698 723 1748 jussas
743 1705 913 1747 prostare
934 1698 1089 1748 puellas.

160 1749 228 1793 Ite,
249 1750 384 1800 quibus
403 1758 515 1801 grata
534 1759 591 1787 est
610 1751 711 1801 picta
731 1751 818 1801 lupa
837 1751 999 1788 barbara
1019 1752 1146 1789 mitra.

160 1802 337 1841 Rusticus
357 1804 421 1841 ille
440 1812 526 1841 tuus
546 1804 659 1841 sumit
678 1804 935 1856 trecliedipua,
958 1805 1129 1850 Quirine,

161 1855 211 1893 Et
230 1857 457 1894 ceromatico
477 1858 552 1894 fert
571 1858 755 1895 niceteria
774 1858 883 1895 collo.

160 1909 236 1947 Hic
256 1910 334 1948 alta
355 1911 525 1962 Sicyone,
541 1919 607 1964 Q
623 1911 683 1948 hie
708 1911 904 1962 Amydone
923 1913 1068 1956 relicta,

80 1965 130 2004 70
162 1963 239 2001 Hic
265 1964 405 2007 Andro,
428 1965 490 2001 ille
513 1967 635 2007 Samo,
655 1965 721 2015 hic·
741 1966 945 2010 Trallibus,
966 1975 1032 2003 aut
1054 1967 1272 2010 Alabandis,

161 2013 348 2068 Esquilias
369 2018 585 2070 dictumque
607 2026 737 2069 petunt
756 2033 779 2055 a
800 2020 934 2064 vimine
955 2020 1101 2064 collem,

160 2070 318 2108 Viscera
338 2085 560 2122 magnarum
581 2072 757 2109 domuum
778 2073 994 2124 dominique
1014 2074 1146 2112 futuri.

162 2124 360 2174 lug-eninm
379 2126 498 2169 vulox,
519 2126 677 2163 audacia
696 2127 854 2177 perdita,
877 2122 998 2165 sermo

161 2177 372 2229 PromptuS,
394 2187 432 2217 et
454 2180 546 2217 Isaeo
566 2179 785 2216 torrentior.
844 2181 935 2225 lide,
958 2181 1049 2232 quid
1070 2182 1175 2219 illum

80 2229 252 2384 75sssssc
273 2228 407 2282 putes?
429 2247 538 2284 quem
559 2234 613 2270 vis
635 2233 833 2278 hominem,
856 2249 982 2272 secum
1001 2235 1129 2273 attulit
1144 2236 1192 2273 ad
1211 2250 1295 2273 uos:

0 1730 18 1766 f

155 2283 450 2329 Grammaticus,
471 2287 612 2331 rhetor,
633 2296 856 2337 geometres,
879 2290 1011 2339 pictor,
1031 2289 1178 2339 aliptes,

158 2337 308 2387 Augur,
329 2340 598 2384 schoenobates,
618 2341 796 2384 medicus,
816 2356 966 2393 magus:
986 2343 1111 2380 omnia
1131 2343 1249 2380 novit·
1287 2356 1291 2361 ’

160 2390 357 2429 Graeculus
377 2395 545 2432 esuriens
567 2395 604 2431 in
647 2395 771 2438 celum,
787 2396 958 2446 jusseris,
979 2396 1060 2433 ibit.
1166 2409 1203 2446 Q

157 2444 222 2482 Ad
251 2458 442 2489 summam,
473 2461 546 2485 non
586 2449 650 2486 Ma
679 2437 746 2486 ffi's'
777 2457 870 2494 erat,
900 2463 1021 2501 neque
1060 2450 1243 2494 Sarmata,
1283 2465 1350 2490 nec

264 2498 406 2541 Thrax,
430 2501 531 2545 0004.

80 2553 130 2589 80
158 2550 235 2598 Qui
254 2553 386 2590 sumsit
407 2566 559 2604 pennas,
580 2555 713 2593 mediis
734 2556 796 2594 sed
819 2565 927 2594 natus
953 2556 1124 2595 Athenis.
