1446 2697
148 34 171 73 8
677 42 924 74 Juvmums.

253 126 354 163 Nam
372 125 466 162 mihi
485 131 673 162 commota
686 124 768 175 jam
787 124 928 162 dudum
947 125 1064 162 mulio
1083 125 1195 176 virga

251 179 410 217 Adnuit.
466 178 572 228 Ergo
592 177 674 215 vale
693 178 814 215 nostri
833 191 996 222 memor3
1017 185 1066 224 et,
1086 179 1233 230 quoties
1251 185 1290 217 te

253 233 375 270 Roma
392 239 458 269 tuo
473 231 580 271 refici
599 239 864 293 properantem
884 231 1022 294 Q
1038 233 1206 283 Aquino,

144 288 221 325 320
251 287 316 324 Me
337 299 485 337 quoque
504 285 554 322 ad
573 285 778 323 Helvlnam
801 286 980 323 Cererem
998 294 1237 337 vestramque
1258 286 1424 328 Dianam

253 339 432 390 Convelle
451 353 474 376 a
497 339 637 377 Cumis.
695 339 906 377 Satirarum
925 353 1009 390 ego,
1028 340 1070 377 ni
1088 340 1206 391 pudet
1225 340 1320 386 illas,

250 393 416 444 AdJutor
435 393 582 444 gelidos
602 393 749 431 veniam
769 393 956 444 caligatus
977 393 1017 430 in
1036 407 1161 444 agros.

611 678 879 728 SATIRA
925 679 977 726 X.

125 834 206 927 b),
248 820 440 857 OMNIBUS
459 819 498 856 in
517 819 642 863 terris,
665 832 746 870 quae
766 824 854 856 sunt
872 832 895 855 a
916 817 1087 857 Gadibus
1107 831 1224 869 usque

246 875 438 910 Auroram
457 879 496 910 et
517 873 692 923 Gangen,
713 872 824 923 pauci
843 872 1068 922 dignoscere
1088 878 1244 923 possunt
1444 907 1446 912 ,

247 927 351 964 Vera
369 926 468 964 bona
486 934 599 976 atque
619 927 695 963 illis
715 927 875 963 multum
895 926 1054 970 diversa„
1075 933 1224 963 remota
1348 907 1446 1026 νύξ

245 981 399 1018 Erroris
419 980 567 1017 nebula.
624 979 727 1025 Quid
747 979 847 1017 enim
865 980 1013 1017 ratione
1032 980 1208 1017 timemus
1283 991 1344 1011 --Λ-

192 1038 213 1072 5
246 1036 328 1072 Aut
347 1033 541 1085 cupimus?
598 1034 701 1079 Quid
719 1041 798 1070 tam
817 1033 950 1071 dextro
970 1033 1065 1084 pede
1086 1033 1264 1085 concipis,
1286 1040 1328 1070 ut
1347 1041 1385 1070 te

247 1088 414 1125 Conatus
434 1101 510 1124 non
530 1088 710 1138 poeniteat
729 1088 882 1138 votique
901 1086 1072 1138 peracti?

52 1181 60 1192 Ι
228 1142 429 1184 ,Evertere
452 1141 581 1178 domos
600 1148 699 1178 totas
719 1141 936 1192 optantibus
956 1141 1046 1192 ipsis
1068 1162 1074 1168 -

49 1193 98 1250 kq
284 1196 297 1231 Αι
314 1194 457 1232 faciles.
516 1195 705 1232 Nocitura
723 1202 825 1245 toga,
845 1195 1021 1232 nocitura
1038 1200 1220 1244 petuntur

290 1249 398 1286 ilitia.
455 1249 622 1286 Torrens
643 1248 795 1286 dicendi
815 1248 925 1299 copia
942 1248 1071 1285 multis

170 1306 214 1340 10
245 1302 297 1339 Et
316 1316 384 1340 sua
402 1302 676 1349 mortiferaest
694 1302 884 1350 facundia.
941 1301 1099 1339 Viribus
1119 1301 1183 1338 ille

247 1356 420 1394 Confisus
440 1356 555 1407 periit
574 1356 881 1406 admirandisque
900 1355 1068 1393 lacertis.

245 1410 320 1448 Sed
339 1410 465 1461 plures
484 1409 601 1446 nimia
621 1417 802 1460 congesta
821 1410 982 1460 pecunia
1001 1422 1093 1447 cura

246 1463 479 1514 strangulat,
501 1470 540 1500 et
559 1471 695 1500 cuncta
715 1477 942 1513 exsuperans
963 1462 1192 1514 patrimonia
1210 1476 1355 1504 census.

244 1517 396 1562 Quanto
416 1517 603 1567 delphinis
622 1516 767 1554 balaena
788 1517 1010 1554 Britannica
1028 1517 1162 1567 major.

169 1573 213 1609 15
247 1570 499 1622 Temporibus
520 1570 612 1607 diris
633 1570 754 1621 igitur
769 1570 952 1621 jussuque
975 1569 1140 1608 Neronis

248 1624 463 1674 Longinum
483 1631 520 1661 et
539 1638 696 1674 magnos
718 1624 870 1662 Senecae
889 1624 1095 1674 praedivitis
1115 1623 1246 1660 hortos

246 1678 392 1716 Clausit
411 1685 450 1715 et
469 1678 647 1728 egregias
671 1677 945 1715 Lateranorum
965 1677 1112 1714 obsidet
1131 1676 1228 1714 aedes

246 1732 346 1769 Tota
366 1731 519 1769 cohors:
540 1745 649 1768 rarus
670 1732 772 1769 venit
794 1732 832 1768 in
853 1731 1046 1769 coenacula
1066 1730 1184 1768 miles.

245 1785 374 1823 Pauca
392 1786 483 1823 licet
502 1792 629 1836 portes
649 1786 800 1836 argenti
821 1785 973 1823 vascula
992 1785 1088 1836 puri,

165 1843 214 1878 20
246 1840 370 1877 Nocte
391 1840 463 1877 iter
484 1839 676 1889 ingressus
696 1839 866 1889 gladium
887 1847 1114 1889 contumque
1133 1837 1296 1881 timebis,

243 1893 294 1930 Et
315 1901 424 1930 motae
444 1893 491 1930 ad
512 1893 638 1930 lunam
657 1893 864 1944 trepidabis
884 1893 1080 1931 arundinis
1101 1891 1291 1930 umbram:

247 1947 426 1985 Cantabit
446 1960 584 1984 vacuus
605 1960 731 1984 coram
752 1947 898 1984 latrone
918 1947 1051 1984 viator.

245 2001 375 2037 Prima
394 2001 473 2038 fere
493 2007 580 2037 vota
600 2009 638 2038 et
657 2000 802 2037 cunctis
823 2000 1019 2038 notissima
1037 2000 1187 2051 templis

244 2055 419 2098 Divitiae;
439 2062 612 2091 crescant
632 2061 673 2091 ut
693 2068 792 2105 opes,
813 2062 855 2091 ut
875 2055 1037 2092 maxima
1056 2062 1137 2091 toto

166 2111 214 2146 25
248 2109 393 2146 Nostra
411 2108 461 2146 sit
480 2121 569 2145 arca
589 2107 683 2145 foro.
741 2107 815 2145 Sed
834 2108 938 2145 nulla
957 2109 1108 2146 aconita
1127 2107 1309 2146 bibuntur

243 2162 457 2200 Fictilibus.
515 2162 623 2199 Tunc
644 2161 710 2198 illa
728 2162 830 2205 time,
852 2176 966 2212 quum
987 2162 1122 2213 pocula
1141 2175 1263 2199 sumes
1282 2129 1414 2245 ,KQ

244 2217 445 2253 (iemmata
464 2223 502 2253 et
521 2215 598 2253 lato
620 2216 792 2253 Setinum
811 2215 960 2253 ardebit
980 2217 1019 2253 in
1037 2210 1215 2253 auro.-

243 2270 379 2306 Jamne
401 2271 521 2320 igitur
542 2269 682 2313 laudas,
703 2269 803 2320 quod
823 2269 868 2307 de
889 2269 1121 2321 sapientibus
1140 2268 1238 2306 alter

243 2322 417 2366 Ridebat,
438 2323 585 2373 quoties
605 2323 650 2360 de
671 2323 799 2360 limine
819 2331 989 2360 moverat
1007 2336 1122 2361 unum

161 2379 212 2414 30
244 2375 536 2427 protuleratque
557 2377 707 2428 pedem;
728 2377 841 2414 flebat
861 2377 1072 2415 contrarius
1091 2375 1248 2414 auctor?
1396 2375 1443 2444 ,ί

244 2429 318 2467 Sed
339 2429 460 2466 facilis
481 2431 598 2468 cuivis
619 2431 736 2482 rigidi
756 2445 916 2480 Qut-a
934 2429 1126 2469 cachinni:
1148 2408 1382 2473 Μ

244 2483 461 2520 Mirandum
482 2491 549 2526 est,
570 2485 669 2522 unde
690 2485 752 2522 ille
772 2485 891 2522 oculis
910 2483 1102 2522 suffecerit
1121 2483 1268 2521 humor.

244 2537 433 2588 Perpetuo
454 2537 532 2573 risu
553 2538 766 2588 pulmonem
785 2538 933 2589 agitare
952 2537 1108 2584 solebat,
