1446 2697
65 80 113 119 18

87 225 137 260 80

87 493 133 528 85

87 761 136 799 90

89 1030 136 1067 95

71 1298 142 1334 100

74 1567 141 1603 105

74 1836 144 1871 110

76 2104 83 2137 1
103 2105 142 2138 15

79 2371 147 2404 120

581 89 601 118 J
604 88 828 119 UVENALIS.

165 168 216 206 Et
237 168 375 206 Martis
392 167 585 213 frameam,
606 175 645 206 et
667 169 830 207 Cirrhaei
849 168 995 220 spicula
1012 169 1121 214 vatis,

167 223 243 260 Per
263 223 425 260 calamos
445 221 648 259 venatricis
667 222 957 273 pharetramque
978 222 1132 269 Puellae,

165 276 315 326 Perque
335 283 451 319 tuum,
473 281 580 326 pater
598 276 720 326 AEgaei
741 277 929 327 Neptune,
950 276 1176 321 tridentem3

166 330 288 367 Addit
307 336 346 366 et
366 328 578 366 Herculeos
597 343 708 367 arcus
726 329 946 380 hastamque
968 330 1162 375 Minervae,

165 381 362 433 Quidquid
380 382 523 419 habent
541 382 704 420 telorum
723 384 1014 421 armamentaria
1033 384 1130 421 coeli.

167 436 206 474 Si
225 449 315 473 vero
335 442 374 472 et
391 443 500 486 pater
519 443 576 473 est
583 451 593 479 ;
627 437 840 481 Comedam,
861 437 994 487 inquit,
1014 437 1140 475 flebile
1158 439 1238 475 nati

167 489 339 540 Sinciput
358 489 458 533 elixi,
481 489 696 540 Pharioque
716 490 900 528 madentis
919 498 1038 528 aceto.

218 544 324 587 Sunt,
345 542 385 579 in
405 543 436 580 F
438 550 582 581 ortunae
602 544 666 594 qui
686 544 833 581 casibus
853 544 977 581 omnia
996 551 1147 595 ponant,

165 597 216 634 Et
234 596 339 634 nullo
359 596 515 634 credant
533 598 713 635 mundum
732 605 880 635 rectore
900 598 1052 642 moveri,

165 650 318 688 Natura
335 651 507 688 volvente
529 651 628 688 vices
649 660 687 688 et
707 651 802 688 lucis
822 658 860 688 et
878 652 987 695 anni3

166 705 295 755 Atque
315 704 400 741 ideo
420 704 600 755 intrepidi
620 719 862 756 quaecumque
882 705 1019 742 altaria
1036 712 1211 755 tangunt.

166 757 237 795 Est
255 757 362 802 alim,
383 764 552 795 metuens
573 772 618 796 ne
639 759 782 796 crimen
800 772 911 809 poena
930 767 1128 809 sequatur:

167 811 244 849 Hic
263 818 372 862 putat
392 825 471 848 esse
493 812 596 849 Deos
616 820 654 849 et
673 813 828 863 pejerat,
849 819 961 862 atque
982 813 1036 849 ita
1055 826 1200 850 secum:

167 865 372 909 Decernat,
393 865 653 917 quodcumque
674 867 783 910 volet,
805 866 850 903 de
870 879 1028 917 corpore
1048 874 1176 904 nostro

168 919 249 963 Isis,
271 926 309 956 et
329 920 426 956 irato
445 919 559 957 feriat
578 934 662 957 mea
679 920 822 957 lumina
841 919 964 963 sistro,

168 973 383 1010 Dummodo
403 973 462 1010 vel
482 987 602 1011 caecus
620 981 778 1017 teneam,
800 987 892 1024 quos
912 973 1071 1025 abnego,
1091 988 1235 1011 numos.

169 1026 219 1064 Et
238 1026 411 1078 phthisis,
433 1034 471 1064 et
491 1027 643 1065 vomicae
663 1036 803 1079 putres,
825 1035 863 1065 et
882 1027 1080 1065 dimidium
1099 1041 1186 1065 crus

170 1082 265 1118 Sunt
284 1080 408 1117 tanti?
464 1081 614 1132 Pauper
633 1081 858 1132 locupletem
879 1089 1010 1132 optare
1029 1081 1239 1132 podagram

173 1135 235 1172 Ne
255 1134 402 1172 dubitet
423 1134 558 1179 Ladas,
579 1135 610 1171 si
630 1148 705 1172 non
724 1143 812 1186 eget
835 1135 1030 1186 Anticyra,
1050 1149 1119 1173 nec

169 1187 405 1238 Archigene.
453 1188 555 1234 Quid
575 1188 675 1225 enim
695 1189 834 1226 velocis
854 1189 980 1239 gloria
998 1189 1136 1239 plantae

172 1241 345 1285 Praestat,
367 1248 405 1278 et
425 1242 593 1279 esuriens
616 1242 747 1279 Pisaeae
767 1255 894 1279 ramus
915 1242 1047 1279 olivae?

175 1295 230 1333 Ut
249 1295 299 1332 sit
317 1309 466 1344 magna,
487 1303 613 1333 tamen
633 1305 736 1333 certe
756 1296 859 1333 lenta
877 1296 935 1333 ira
955 1296 1127 1334 Deorum
1148 1304 1217 1334 est.

173 1349 212 1387 Si
233 1356 367 1386 curant
387 1349 507 1399 igitur
527 1355 682 1387 cunctos
703 1349 835 1400 punire
856 1352 1045 1394 nocentes,

173 1402 333 1448 Quando
352 1402 400 1439 ad
418 1416 477 1439 me
497 1402 673 1440 venient?
701 1403 767 1440 sed
786 1410 824 1440 et
843 1403 1034 1440 exorabile
1056 1403 1208 1442 Numen

174 1456 348 1493 Fortasse
370 1456 562 1506 experiar:
592 1456 687 1493 solet
706 1456 763 1493 his
784 1456 993 1506 ignoscere.
1049 1458 1163 1495 Multi

175 1509 425 1547 committunt
446 1509 577 1546 eadem
597 1509 745 1546 diverso
765 1510 924 1546 crimina
943 1510 1041 1547 fato:

174 1563 244 1601 Ille
264 1577 415 1600 crucem
434 1563 587 1600 sceleris
607 1564 769 1614 pretium
789 1563 888 1607 tulit,
909 1563 970 1600 hic
990 1563 1173 1600 diadema.

175 1617 236 1655 Sic
256 1617 422 1654 animum
442 1617 533 1653 dirae
553 1616 742 1667 trepidum
761 1616 962 1654 formidine
983 1617 1102 1668 culpae

176 1670 421 1708 Confirmant.
480 1671 512 1707 T
516 1684 588 1707 unc
608 1679 645 1708 te
666 1684 773 1708 sacra
793 1671 841 1707 ad
860 1670 1019 1708 delubra
1038 1678 1232 1708 vocantem

174 1724 372 1768 Praecedit,
393 1724 545 1762 trahere
567 1725 679 1761 immo
698 1724 799 1761 ultro
819 1738 862 1761 ac
882 1738 1017 1762 vexare
1038 1733 1201 1775 paratus.

175 1779 274 1816 Nam
295 1792 411 1829 quum
430 1792 569 1829 magna
589 1778 693 1815 malae
714 1786 885 1830 superest
905 1778 1064 1816 audacia
1084 1792 1214 1816 causae.

178 1832 357 1870 Creditur
376 1846 399 1869 a
419 1831 546 1869 multis
567 1832 715 1869 fiducia.
773 1833 932 1869 Minium
951 1832 1031 1882 agit
1053 1832 1127 1876 ille,

179 1886 325 1924 Urbani
346 1886 495 1936 qualem
514 1886 698 1936 fugitivus
718 1900 849 1923 scurra
872 1886 1030 1924 Catulli:

176 1940 237 1977 Tu
256 1940 369 1977 miser
389 1939 586 1984 exclamas,
609 1947 650 1976 ut
672 1941 849 1977 Stentora
869 1940 1017 1977 vincere
1038 1940 1167 1990 possis,

175 1993 246 2031 Vel
266 1994 401 2044 potius,
423 2000 603 2044 quantum
625 1993 815 2032 Gradivus
837 1994 1084 2031 Homericus:
1108 1993 1241 2038 Audis,

173 2047 336 2098 Jupiter,
358 2047 447 2090 hmo,
468 2061 536 2084 nec
558 2047 664 2084 labra
683 2061 818 2090 moves,
841 2061 954 2098 quum
975 2048 1125 2085 mittere
1146 2062 1275 2086 vocem

176 2101 372 2139 Debueras
394 2101 450 2138 vel
471 2115 702 2138 marmoreus
723 2101 779 2138 vel
800 2101 961 2138 aeneus?
990 2110 1054 2139 aut
1074 2116 1142 2139 cur

178 2155 218 2191 In
240 2155 402 2193 carbone
423 2163 488 2192 tuo
508 2154 641 2192 charta
660 2155 722 2206 pia
742 2155 855 2192 thura
874 2156 998 2192 soluta

178 2209 365 2252 l'onimus,
386 2217 424 2246 ct
443 2216 585 2246 sectum
608 2209 714 2246 vituli
732 2209 852 2259 jecur,
873 2209 1032 2260 albaque
1053 2208 1157 2260 porci

177 2263 366 2300 Omenta?
427 2263 480 2301 Ut
501 2263 619 2306 video,
642 2262 784 2300 nullum
805 2263 1008 2300 discrimen
1028 2261 1239 2299 habendum
1259 2271 1315 2299 est

177 2315 332 2365 Effigies
352 2316 451 2354 inter
472 2325 613 2354 vestras
633 2324 868 2368 statuamque
892 2316 1051 2366 Vagelli.

234 2370 386 2419 Accipe,
408 2385 489 2420 qua>
509 2378 642 2408 contra
662 2371 784 2408 valcat
803 2371 937 2408 solatia
955 2370 1066 2411 ferre,

178 2422 228 2460 Et
248 2423 310 2472 qui
333 2437 399 2459 noc
424 2424 596 2475 Cynicos,
617 2438 685 2462 nec
708 2425 835 2462 Stoica
854 2424 1033 2474 dogmata
1053 2421 1146 2473 legit

182 2478 212 2512 A
238 2476 389 2526 Cynicis
410 2478 537 2515 tunic-ai
558 2478 748 2521 distantia,
770 2493 844 2515 non
865 2477 1071 2528 Epicurum

180 2529 341 2579 Suspicit
365 2530 491 2577 exigui
514 2531 637 2568 lai-tum
660 2531 893 2582 plantaribus
913 2530 1025 2567 horti.

182 2585 370 2620 carentia·
391 2583 494 2620 dubii
516 2585 670 2622 uwdicis
690 2585 895 2636 majoribus
915 2584 1030 2633 mgri;
