1446 2697
173 46 225 85 10

198 137 247 172 80

196 405 243 441 85

195 673 245 711 90

196 942 242 978 95

173 1209 245 1244 100

175 1478 244 1514 105

179 1747 248 1782 ΗΟ

178 2285 246 2319 120

200 2552 247 2588 25

702 54 718 83 J
722 53 946 83 UVENALIS.

280 134 458 172 Continet
477 139 589 183 atque
610 132 702 169 duas
721 140 867 169 tantum
887 146 948 169 res
967 131 1100 169 anxius
1119 140 1235 184 optat,

278 188 420 225 Panem
440 194 477 223 et
500 187 708 223 Circenses.
765 186 962 223 Perituros
981 185 1093 223 audio
1113 186 1261 223 multos.

278 241 345 278 Nil
365 240 536 277 dubium:
565 253 705 289 magna
724 245 780 276 est
798 239 1013 277 fornacula:
1043 239 1245 290 pallidulus
1264 240 1314 276 ml

280 293 476 331 Brutidius
495 307 600 330 meus
619 293 668 330 ad
687 294 825 330 Martis
845 293 918 330 fuit
938 293 1070 330 obvius
1089 307 1207 330 aram.

276 349 400 393 Quam
419 347 545 390 timeo,
566 347 688 383 victus
707 360 754 384 ne
773 360 902 398 poenas
923 347 1053 397 exigat
1074 347 1187 398 Ajax,
1198 317 1446 468 ff&

278 401 334 439 Ut
352 400 449 437 male
469 399 660 437 defensus!
681 414 875 437 curramus
894 401 1119 451 praecipites,
1140 409 1189 443 et,

276 455 380 491 Dum
394 454 500 504 jacet
518 454 558 490 in
576 454 670 504 ripa,
692 454 879 491 calcemus
902 454 1064 491 Caesaris
1084 454 1247 491 hostem.
1272 478 1278 482 -

277 508 350 546 Sed
370 508 522 545 videant
541 508 651 550 servi,
672 521 718 544 ne
739 508 821 558 quis
841 514 967 558 neget,
988 515 1027 545 et
1045 507 1250 558 pavidum'
1240 521 1280 544 1n
1294 506 1358 558 jus

277 561 435 599 Cervice
455 561 639 598 obstricta
659 561 849 597 dominum
869 561 1010 598 trahat.
1065 561 1120 598 Hi
1141 574 1330 598 sermones

277 616 386 653 Tunc
405 615 450 652 de
473 615 622 665 Sejano,
644 622 789 652 secreta
808 615 887 652 haec
907 629 1102 652 murmura
1120 614 1238 665 vulgi.

277 669 394 706 Visne
415 669 582 712 salutari,
604 668 702 705 sicut
724 669 908 719 Sejanus?
928 669 1069 706 habere

277 722 538 766 Tantumdem,
560 730 672 773 atque
695 722 750 758 illi
769 736 930 759 summas
951 722 1090 760 donare
1111 721 1285 760 curules?

277 777 388 814 Illum
408 776 636 813 exercitibus
657 776 899 827 praeponere?
920 783 1025 813 tutor
1044 776 1177 813 haberi

275 830 463 880 Principis
483 839 646 879 angusta
667 830 898 880 Caprearum
917 830 956 866 in
976 844 1068 881 rupe
1089 830 1253 867 sedentis

277 885 372 921 Cum
391 898 512 934 grege
535 883 736 921 Chaldaeo?
757 883 812 920 vis
833 892 935 921 certe
955 884 1043 935 pila,
1065 883 1251 926 cohortes,

279 938 468 989 Egregios
489 938 645 988 equites,
667 945 705 974 et
725 946 849 974 castra
868 936 1097 975 domestica?
1119 937 1249 988 ’(Ϊιῑῖὶἷηὶ

279 992 370 1028 Haec
391 991 545 1042 cupias?
566 999 614 1035 et,
636 992 700 1042 qui
721 991 853 1028 nolunt
872 991 1045 1029 occidere
1066 1004 1300 1042 quemquam,

275 1044 390 1082 Posse
410 1045 551 1082 volunt.
609 1045 682 1083 Sed
703 1059 784 1095 quae
804 1045 986 1095 praeclara
1005 1053 1042 1083 et
1062 1058 1242 1096 prospera
1261 1043 1368 1087 tanti,

278 1099 334 1137 Ut
353 1098 467 1136 rebus
484 1099 579 1136 laetis
599 1113 667 1150 par
687 1100 736 1136 sit
756 1113 931 1136 mensura
949 1098 1161 1136 malorum?

277 1153 413 1202 Hujus,
435 1153 499 1203 qui
517 1152 695 1195 trahitur,
715 1160 934 1203 praetextam
955 1166 1102 1190 sumere
1122 1153 1249 1196 mavis,

279 1208 339 1242 An
363 1206 526 1243 Fidenai
529 1221 591 1243 um
614 1206 898 1256 Gabiorumque
918 1220 997 1244 esse
1017 1213 1193 1258 potestas,

276 1260 326 1297 Et
345 1260 391 1297 de
411 1274 588 1297 mensura
600 1260 664 1311 jus
685 1259 822 1302 dicere.
843 1274 933 1296 vasa
953 1261 1099 1297 minora
1133 1248 1220 1359 XX

277 1313 471 1364 Frangere
492 1328 678 1364 pannosus
698 1314 825 1351 vacuis
845 1313 979 1350 AEdilis
1004 1314 1162 1352 Ulubris

276 1367 381 1417 Ergo
401 1367 492 1418 quid
512 1367 715 1418 optandum
735 1367 845 1411 foret,
866 1368 1062 1418 ignorasse
1081 1367 1213 1405 fateris

277 1421 473 1472 Sejanum:
495 1435 580 1457 nam
602 1422 666 1471 qui
687 1421 821 1458 nimios
842 1422 997 1472 optabat
1016 1421 1189 1464 honores,

278 1475 327 1511 Et
346 1475 480 1512 nimias
500 1475 678 1525 poscebat
698 1489 797 1525 opes,
818 1489 1017 1512 numeroso
1039 1475 1195 1526 parabat

278 1528 448 1566 Excelsae
468 1528 584 1565 turris
604 1528 784 1571 tabulata,
806 1528 905 1565 unde
925 1529 1038 1565 altior
1058 1537 1156 1566 esset

279 1582 408 1625 Casus,
431 1590 468 1619 et
488 1583 655 1633 impulsm
675 1596 840 1633 praeceps
861 1583 1021 1619 immane
1042 1583 1172 1619 ruixrr.

277 1637 380 1682 Quid
403 1636 569 1697 Cmssos,
592 1635 682 1686 quid
706 1636 902 1686 Pompeios
923 1636 1086 1673 evertit?
1107 1643 1145 1673 et
1166 1635 1281 1677 illum

279 1690 342 1727 Ad
361 1704 430 1728 sua
449 1690 513 1741 qui
534 1690 694 1742 domitos
715 1689 870 1727 deduxit
889 1690 1011 1739 {lagia
1032 1683 1230 1744 Quirites?

279 1745 452 1783 Summus
473 1758 606 1795 nempe
627 1744 730 1782 loeus
750 1743 853 1780 nulla
872 1757 946 1780 non
967 1752 1048 1781 arte
1070 1741 1220 1794 petitus,

278 1799 498 1848 Magnaque
519 1797 733 1835 numinibus
753 1805 840 1834 vota
860 1797 1037 1834 exaudita
1056 1797 1244 1847 malignis·

280 1852 342 1889 Ad
362 1866 544 1902 generum
568 1852 719 1889 Cereris
740 1851 819 1888 sine
840 1851 939 1889 caede
960 1859 998 1889 et
1017 1851 1172 1889 vulnere
1193 1851 1302 1902 pauci

281 1905 526 1943 Descendunt
546 1920 667 1956 reges,
690 1913 727 1942 et
746 1906 847 1942 sicea
868 1914 986 1942 morte
1006 1906 1169 1955 tyranni.

333 1960 533 2010 Eloquium
553 1974 596 1996 nc
618 1959 753 1996 famam
776 1959 1043 1996 Demosthenis
1063 1968 1128 1997 aut
1151 1958 1347 1997 Ciceronis

224 2039 230 2049 .
280 2014 419 2064 Incipit
438 2021 580 2064 optare,
603 2020 640 2050 et
659 2013 748 2049 totis
770 2013 1071 2063 Quinquatribus
1093 2021 1208 2064 optat,

278 2068 459 2118 Quisquis
479 2067 600 2104 adhuc
622 2081 694 2104 uno
715 2075 859 2117 partam
880 2067 968 2104 colit
990 2082 1070 2104 asse
1093 2068 1315 2110 Minervam,

278 2124 399 2167 Quem
420 2122 590 2172 sequitur
610 2129 734 2158 custos
754 2129 923 2169 angusta*
944 2122 1099 2159 vernula
1119 2134 1250 2172 capsae.

281 2176 440 2227 Eloquio
461 2175 525 2212 scd
546 2183 703 2225 uterque
723 2177 817 2225 perit
838 2183 985 2212 orator:
1007 2184 1207 2226 utrumque

282 2229 428 2280 Largus
449 2237 487 2266 et
506 2229 697 2266 exundans
719 2229 793 2265 leto
814 2229 915 2266 dedit
939 2230 1081 2279 ingenii
1102 2229 1195 2267 fons.

282 2283 436 2331 ingenio
457 2297 586 2320 numus
607 2291 663 2319 ost
684 2291 721 2320 et
742 2283 866 2320 cervix
898 2298 1011 2326 ra=sa;
1032 2297 1100 2320 nec
1121 2295 1296 2332 umquam

280 2337 470 2385 Sanguine
491 2337 670 2374 causidici
693 2337 916 2374 maduerunt
937 2345 1060 2374 rostra
1079 2335 1216 2388 pusilli.

281 2389 316 2425 O
337 2389 566 2427 fortunatam
588 2399 712 2428 nutum
734 2405 791 2427 me
812 2391 963 2428 consule
988 2390 1162 2428 Romam!

285 2445 422 2479 Antoni
442 2444 588 2490 gladios
610 2445 731 2496 potuit
752 2454 1002 2488 contemnere,
1023 2444 1054 2481 si
1074 2444 1127 2481 sic

281 2496 421 2532 Omnia
442 2497 607 2534 dixisset.
667 2499 838 2535 Ridendn.
859 2506 1028 2550 poemata
1049 2498 1157 2539 mulo,

279 2551 401 2595 Quam
424 2559 459 2586 te
479 2552 698 2601 conspicuae,
720 2552 847 2589 divina
869 2552 1091 2604 Philippica,
1115 2551 1232 2595 samm,
