1446 2697
71 89 126 129 28
598 94 845 126 JUVENALIS.

178 176 228 213 Et
242 176 394 227 plenum
410 174 556 225 magnis
576 174 747 212 trabibus
766 186 889 210 mare:
910 173 995 224 plus
1010 173 1203 213 hominum
1218 183 1276 215 est
1290 178 1371 228 jam

176 230 222 267 In
240 230 395 281 pelago:
425 228 552 265 veniet
571 228 711 272 elassis,
733 228 968 278 quocumque
987 227 1134 265 vocarit

177 284 269 333 Spes
290 283 399 326 lueri,
420 295 489 318 nec
512 282 760 333 Carpathium
782 280 1007 330 Gaetulaque
1026 287 1172 318 tantum

175 337 343 387 AEquora
361 335 580 379 transsiliet‚
602 335 678 379 sed,
698 335 812 385 longe
836 334 952 384 Calpe
971 333 1118 378 relicta,

71 391 146 426 280
177 390 321 427 Audiet
342 389 534 426 Herculeo
554 388 777 426 stridentem
795 388 952 438 gurgite
972 387 1102 424 solem.

177 443 332 481 Grande
352 456 475 494 operae
494 443 658 494 pretium
677 450 744 485 est,
765 449 807 479 ut
825 448 933 478 tenso
952 440 1043 478 folle
1062 442 1204 479 reverti

175 497 267 533 Inde
288 496 437 534 domum
457 495 575 547 possis
594 495 812 546 tumidaque
832 494 1015 546 superbus
1035 494 1149 540 aluta,

177 550 323 587 Oceani
342 557 520 594 monstra,
542 557 580 587 et
593 551 751 600 juvenes
771 548 908 586 vidisse
928 548 1106 585 marinos.

174 603 264 640 Non
282 617 377 640 unus
396 610 539 641 mentes
559 603 682 653 agitat
700 603 819 640 furor.
875 601 945 639 Ille
965 602 1106 640 sororis

69 657 142 693 285
174 657 219 694 In
237 657 409 695 manibus
428 657 535 694 vultu
555 657 808 694 Eumenidum
826 663 993 693 terretur
1012 664 1051 693 et
1069 655 1168 707 igni:

175 711 251 748 Hic
271 711 365 748 bove
384 725 562 762 percusso
581 710 731 761 mugire
753 711 1041 760 Agamemnona
1060 709 1183 747 credit

178 766 254 801 Aut
275 765 459 802 Ithacum.
518 765 656 802 Pareat
674 764 812 801 tunicis
831 763 923 800 licet
942 772 1054 813 atque
1074 763 1247 807 lacernis,

176 818 373 856 Curatoris
393 826 492 869 eget,
514 819 579 869 qui
598 831 731 855 navem
750 817 938 854 mercibus
958 817 1090 868 implet

173 872 237 909 Ad
256 886 439 909 summum
458 873 568 916 latus,
589 879 628 909 et
646 871 776 908 tabula
795 871 1044 921 distinguitur
1063 870 1182 913 unda3

66 930 142 969 290
172 926 299 971 Quum
318 926 368 963 sit
387 940 500 963 eausa
517 925 608 962 mali
626 926 724 962 tanti
742 932 781 962 et
800 924 1028 962 discriminis
1048 924 1160 975 hujus

172 980 373 1018 Concisum
392 987 593 1030 argentum
612 979 652 1016 in
675 979 805 1016 titulos
824 978 1014 1028 faciesque
1034 978 1210 1015 minutas.

173 1034 392 1071 Occurrunt
411 1033 527 1070 nubes
548 1040 586 1070 et
603 1033 770 1083 fulgura·
826 1033 968 1070 Solvite
987 1031 1128 1077 funem,

169 1087 367 1124 Frumenti
387 1087 557 1124 dominus
578 1087 714 1124 elamat
734 1086 950 1137 piperisque
971 1086 1126 1129 coemti3

171 1141 239 1178 Nil
259 1141 362 1178 color
380 1140 443 1178 hie
465 1141 562 1184 eoeli,
582 1141 636 1177 nil
655 1140 773 1177 fascia
791 1139 905 1189 nigra
923 1139 1110 1183 minatur;

65 1196 138 1235 295
170 1193 355 1231 AEstivum
373 1200 491 1231 tonat.
548 1193 686 1231 Infelix
704 1193 774 1230 hac
793 1193 953 1231 forsitan
974 1193 1055 1244 ipsa

171 1248 294 1285 Nocte
315 1248 425 1285 cadet
444 1248 575 1285 fractis
595 1247 778 1291 trabibus,
798 1246 991 1297 fluctuque
1011 1254 1203 1296 premetur

171 1301 353 1345 Obrutus,
374 1309 412 1339 et
431 1315 564 1338 zonam
582 1301 675 1338 laeva
694 1314 894 1350 morsuque
914 1300 1070 1337 tenebit.

170 1355 243 1392 Sed
263 1356 370 1406 cujus
390 1355 486 1392 votis
505 1354 615 1391 modo
634 1368 710 1391 non
729 1354 931 1391 suffecerat
949 1367 1094 1398 aurum,

169 1408 280 1453 Quod
302 1409 444 1458 Tagus,
465 1415 503 1445 et
522 1408 638 1444 rutila
657 1408 774 1444 volvit
794 1407 972 1444 Pactolus
993 1420 1118 1452 arena,

64 1465 140 1500 300
171 1461 331 1512 Frigida
350 1461 537 1498 sufficient
556 1461 723 1498 velantes
743 1461 901 1510 inguina
920 1461 1045 1511 panni,

168 1515 414 1566 Exiguusque
435 1515 552 1558 cibus,
572 1528 696 1552 mersa
715 1524 796 1550 rate
816 1514 1023 1564 naufragus
1043 1528 1164 1552 assem

170 1569 273 1606 Dum
293 1576 416 1619 rogat,
437 1576 476 1606 et
494 1568 597 1619 picta
615 1581 654 1605 se
673 1574 896 1618 tempestate
917 1576 1057 1604 tuetur.

173 1623 306 1660 Tantis
326 1630 436 1673 parta
454 1622 574 1666 malis,
595 1635 687 1659 eura
706 1622 847 1672 majore
867 1627 1043 1671 metuque

171 1677 389 1715 Servantur.
446 1676 589 1712 Misera
608 1682 665 1712 est
683 1675 813 1725 magni
833 1674 1004 1712 custodia
1025 1687 1168 1712 census.

63 1734 138 1769 :305
223 1730 428 1781 Dispositis
447 1729 629 1780 praedives
649 1729 769 1766 hamis
789 1728 950 1779 vigilare
971 1728 1165 1765 cohortem

170 1785 373 1821 Servorum
393 1791 508 1821 noctu
530 1783 684 1820 Licinus
700 1783 821 1832 jubet,
843 1782 1025 1819 attonitus
1045 1796 1113 1833 pro

168 1837 333 1881 Electro,
354 1837 548 1887 signisque
569 1837 657 1880 suis,
679 1836 924 1887 Phrygiaque
945 1836 1129 1880 columna,

170 1892 296 1941 Atque
317 1891 429 1928 ebore
450 1898 487 1927 et
508 1891 585 1928 lata
602 1889 805 1927 testudine.
861 1889 977 1927 Dolia
996 1889 1088 1926 nudi

170 1945 258 1982 Non
277 1945 411 1982 ardent
434 1945 585 1995 Cynici:
616 1943 647 1981 si
667 1943 842 1993 fregeris,
863 1943 985 1980 altera
1004 1943 1069 1980 fiet

62 2002 138 2036 310
171 1999 264 2036 Cras
284 1998 426 2042 domus,
447 2005 513 2035 aut
532 1997 663 2035 eadem
682 1997 836 2048 plumbo
856 1997 1055 2034 commissa
1073 1996 1252 2034 manebit.

167 2053 292 2091 Sensit
313 2052 542 2095 Alexander,
562 2059 660 2089 testa
680 2065 794 2101 quum
814 2051 909 2087 vidit
931 2051 967 2087 in
990 2051 1055 2088 illa

168 2107 350 2156 Magnum
372 2105 635 2149 habitatorem,
656 2112 796 2155 quanto
817 2104 964 2142 felicior
984 2105 1057 2148 hic,
1079 2104 1144 2155 qui

167 2160 233 2196 Nil
254 2167 419 2211 cuperet,
441 2173 552 2210 quam
573 2159 636 2209 qui
657 2166 778 2196 totum
798 2159 869 2195 sibi
890 2159 1055 2209 poscerit
1074 2157 1215 2201 orbem,

168 2213 350 2251 Passurus
369 2214 488 2264 gestis
507 2212 688 2263 &quanda
707 2212 875 2263 pericula
894 2212 1017 2250 rebus.

62 2267 136 2301 :315
171 2266 325 2303 Nullum
348 2281 484 2304 numen
505 2267 632 2309 habes,
654 2266 684 2303 si
705 2267 754 2303 sit
774 2266 993 2317 pruclentin;
1021 2279 1088 2303 nos
1108 2272 1157 2309 te,

169 2319 248 2356 Nos
269 2321 438 2365 facimus,
461 2321 639 2363 Fortuna,
664 2321 798 2357 Deam.
856 2321 1036 2357 Mensura
1054 2327 1179 2356 tamen
1199 2332 1280 2369 quae

168 2373 337 2410 Sufficiat
358 2389 501 2417 census,
523 2374 553 2411 si
575 2374 657 2425 quis
677 2388 735 2411 me
757 2374 938 2417 consulat,
958 2372 1085 2410 edam:

169 2426 211 2462 ln
232 2435 410 2476 qnantum
432 2429 513 2465 sitis
533 2435 646 2478 atque
666 2427 782 2465 fames
803 2435 841 2465 et
860 2427 1007 2477 frigora
1026 2433 1196 2476 poscunt,

166 2480 369 2524 Quantum,
392 2481 566 2530 Epicure,
587 2481 657 2518 tibi
679 2482 803 2532 parvis
824 2480 972 2518 suffecit
992 2479 1029 2515 in
1051 2479 1183 2523 hortis,

64 2536 140 2570 :320
171 2535 362 2579 Quantum
385 2535 570 2572 Socratici
590 2544 770 2586 ceperunt
790 2543 876 2572 ante
897 2541 1060 2585 penates.
