1446 2697
22 94 76 134 16
551 98 798 130 JUVENALIS.

22 182 98 220 360
129 181 288 219 Nesciat
307 179 432 223 irasci,
453 179 582 230 cupiat
599 178 707 223 nihil,
727 185 766 215 et
784 177 951 229 potiores

129 235 308 273 Herculis
328 246 513 271 aerumnas
533 232 664 270 credat
683 245 873 282 saevosque
891 231 1042 268 labores

126 288 178 326 Et
199 289 350 325 Venere
371 293 409 324 et
429 286 546 324 coenis
565 293 604 323 et
622 286 751 337 pluma
772 285 1031 336 Sardanapali.

127 343 313 385 Monstro,
335 340 437 391 quod
455 340 534 391 ipse
553 340 626 377 tibi
644 340 764 391 possis
784 339 894 377 dare:
915 338 1051 376 semita
1069 344 1172 390 certe

129 394 362 446 Tranquillae
382 407 450 445 per
471 393 650 431 virtutem
669 400 774 445 paret
793 393 906 435 unica
924 392 1022 431 vitae.

20 446 95 486 365
128 448 288 486 Nullum
306 461 446 485 numen
464 447 591 491 habes,
614 448 646 485 si
666 447 715 484 sit
733 447 954 499 prudentia:
974 459 1043 484 nos
1061 453 1112 488 te,

127 502 209 539 Nos
228 501 400 547 facimus,
422 502 603 546 Fortuna,
627 501 752 539 Deam
772 501 942 551 coeloque
962 500 1142 538 locamus.

429 788 688 837 SATIRA
740 788 906 836 XIII.

124 931 331 968 Exmno
352 929 615 980 quodcumque
635 928 734 965 malo
755 927 1001 972 commititur,
1022 927 1095 978 ipsi

124 984 316 1034 Displicet
335 982 496 1020 auctori.
553 982 684 1019 Prima
704 989 761 1019 est
780 981 860 1019 haec
879 981 986 1025 ultio,
1007 980 1106 1031 quod
1127 994 1167 1018 se

121 1037 260 1075 Judice
279 1051 389 1074 nemo
410 1050 548 1074 nocens
568 1035 778 1073 absolvitur
786 1050 796 1079 ;
825 1035 999 1086 improba
1017 1034 1188 1086 quamvis

124 1091 262 1128 Gratia
279 1091 408 1128 fallaci
429 1089 610 1127 Praetoris
630 1089 766 1127 vicerit
784 1103 892 1126 urna.

69 1150 90 1183 5
123 1145 226 1190 Quid
246 1145 387 1182 sentire
406 1153 516 1195 putas
537 1157 676 1187 omnes,
700 1143 868 1188 Calvine,
888 1141 1034 1180 recenti

123 1199 185 1235 De
205 1198 359 1242 scelere,
381 1205 420 1235 et
438 1197 527 1234 fidei
546 1197 695 1234 violatae
715 1196 900 1234 crimine?
958 1195 1033 1234 Sed
1051 1209 1120 1233 nec

124 1252 222 1289 Tam
239 1252 364 1289 tenuis
385 1265 518 1289 census
537 1251 609 1288 tibi
630 1250 803 1300 contigit,
823 1256 866 1287 ut
885 1249 1087 1287 mediocris

120 1306 288 1343 Jacturae
307 1312 346 1343 te
365 1313 516 1355 mergat
535 1317 648 1348 onus;
677 1317 746 1341 nec
765 1317 854 1341 rara
872 1303 1054 1347 videmus,

123 1359 216 1404 Quae
236 1359 390 1410 pateris.
448 1359 565 1396 Casus
586 1358 714 1395 multis
735 1357 797 1395 hic
818 1357 994 1408 cognitus
1013 1370 1057 1394 ae
1073 1357 1155 1408 jam

50 1416 96 1450 10
128 1413 271 1456 Tritus‚
293 1420 331 1450 et
351 1426 370 1449 e
390 1412 514 1449 medio
536 1413 714 1449 Fortunae
735 1411 870 1448 duetus
889 1424 1038 1449 acervo.

124 1466 312 1503 Ponamus
332 1466 467 1502 nimios
486 1465 668 1515 gemitus:
697 1464 924 1514 flagrantior
942 1478 1049 1514 aequo

125 1520 215 1557 Non
235 1519 349 1556 debet
369 1519 476 1556 dolor
496 1533 576 1556 esse
597 1518 681 1561 viri,
702 1531 771 1555 nec
793 1517 947 1554 vulnere
968 1519 1100 1568 major.

127 1574 187 1610 Tu
207 1572 376 1624 quamvis
396 1573 536 1609 levium
555 1571 748 1608 minimam
767 1571 1019 1621 exiguamque
1039 1571 1224 1609 malorum

125 1627 359 1664 Particulam
379 1626 441 1663 vix
460 1626 562 1663 ferre
583 1632 700 1676 pote5‚
722 1624 981 1676 spumantibus
1000 1624 1137 1662 ardens

52 1684 95 1718 15
129 1680 360 1724 Visceribus,
382 1693 532 1717 sacrum
550 1679 621 1716 tibi
642 1677 742 1729 quod
761 1692 836 1715 non
855 1678 990 1715 reddat
1009 1679 1151 1716 amicus

128 1734 366 1785 Depositum.
424 1734 557 1784 Stupet
576 1732 668 1776 haec,
689 1732 754 1782 qui
770 1732 849 1782 jam
870 1739 954 1783 post
972 1739 1085 1783 terga
1103 1732 1259 1783 reliquit

127 1788 335 1838 Sexaginta
352 1801 480 1831 annos,
505 1786 663 1824 Fonteio
687 1785 850 1823 Consule
870 1785 1007 1823 natus?

130 1843 191 1878 An
210 1841 306 1878 nihil
327 1841 365 1877 in
385 1841 518 1878 melius
538 1848 595 1878 tot
614 1853 742 1877 rerum
761 1839 912 1890 proficis
933 1839 1027 1876 usu?

131 1896 275 1946 Magna
294 1895 457 1945 quidem,
479 1895 596 1932 sacris
616 1907 698 1944 quae
718 1893 783 1930 dat
803 1901 992 1944 praecepta
1011 1893 1149 1932 libellis

51 1952 98 1986 :20
131 1949 282 1986 Victrix
305 1949 481 1986 Fortunae
504 1947 708 1999 Sapientia.
766 1947 950 1985 Ducimus
970 1955 1096 1985 autem

130 2003 211 2040 Hos
233 2016 381 2052 quoque
400 2002 542 2045 felices,
564 2002 628 2052 qui
648 2001 749 2038 ferre
769 2001 1005 2038 incommoda
1024 2002 1122 2046 vitae,

131 2057 212 2093 Nee
229 2056 377 2107 jactare
392 2056 540 2106 jugum,
563 2056 641 2092 vita
660 2054 826 2092 didicere
847 2055 1043 2105 magistra.

129 2112 221 2155 Quae
241 2118 318 2147 tam
337 2109 434 2147 festa
454 2109 544 2153 dies,
566 2116 608 2146 ut
628 2116 748 2146 cesset
767 2108 928 2159 prodere
948 2109 1083 2154 furem,

132 2163 346 2207 Perfidiam,
366 2163 530 2206 fraudes,
550 2170 663 2213 atque
683 2163 785 2199 omni
805 2177 847 2199 ex
870 2163 1027 2200 crimine
1047 2163 1194 2201 lucrum

50 2222 99 2255 25
132 2218 351 2262 Quaesitum,
373 2225 411 2254 et
431 2224 558 2268 partos
578 2217 708 2266 gladio
729 2216 787 2253 vel
808 2216 944 2267 pyxide
964 2216 1122 2254 numos?

132 2270 222 2307 Rari
244 2272 380 2322 quippe
401 2271 512 2308 boni:
543 2284 720 2308 numerus
740 2270 801 2307 vix
821 2278 878 2307 est
896 2270 1066 2314 totidem,
1087 2277 1179 2320 quot

131 2324 350 2361 Thebarum
370 2334 499 2375 portin,
520 2325 579 2361 vel
600 2324 728 2361 divitis
748 2324 846 2361 ostia
867 2324 961 2362 Nili.

131 2377 243 2413 Nona
261 2386 350 2415 artus
371 2379 510 2429 agitur,
533 2378 738 2430 pejoraque
758 2378 895 2416 saecula
913 2377 1005 2415 ferri

132 2430 393 2480 Temporibus.
416 2446 575 2482 quorum
596 2432 730 2469 sceleri
752 2446 826 2468 non
846 2431 989 2468 invenit
1010 2430 1090 2482 ipsa

50 2487 100 2521 30
132 2483 291 2526 Nomen,
312 2492 350 2520 ot
369 2499 391 2520 a
412 2486 514 2523 nullo
534 2486 658 2536 posuit
680 2486 829 2523 Natura
847 2484 1009 2522 metallo.

132 2537 211 2574 Nos
231 2537 421 2574 homiuum
447 2539 659 2590 Divumque
680 2539 790 2576 fldem
811 2538 975 2576 clamore
995 2538 1146 2582 ciemus,

130 2593 280 2636 Quanto
303 2590 501 2628 Foesidium
523 2593 651 2630 laudnt
670 2593 809 2631 vocalis
828 2598 1004 2642 agentem
