1446 2697
53 78 108 118 20

58 380 126 419 175

56 649 127 684 180

58 915 127 951 185

55 1182 127 1222 190

55 1449 125 1488 195

51 1716 124 1751 200

51 1985 122 2019 205

49 2250 123 2284 210

47 2516 120 2551 215

580 84 600 114 J
603 83 812 114 UVENALIS
817 103 826 112 .

162 165 349 204 Gentibus
369 165 409 202 in
427 163 577 207 nostris,
597 163 678 201 risu
697 162 886 214 quatiere:
914 161 980 199 sed
998 161 1088 206 illic,

160 220 396 270 Quamquam
416 217 546 254 eadem
564 217 712 254 assidue
731 222 948 267 spectentur
967 216 1110 267 proelia,
1129 216 1231 256 ridet

159 273 293 316 Nemo,
315 272 379 309 ubi
397 278 479 308 tota
497 270 632 309 cohors
651 269 744 321 pede
763 283 838 306 non
858 276 915 306 est
932 268 1047 306 altior
1064 283 1152 307 uno.

214 326 378 363 Nullane
397 325 543 376 perjuri
563 324 696 375 capitis
715 323 933 374 fraudisque
952 322 1122 360 nefandae

160 379 278 416 Poena
296 378 394 415 erit?
450 378 663 429 Abreptum
682 377 793 415 crede
812 376 912 414 hunc
926 376 1103 426 graviore
1122 385 1255 416 catena

159 432 356 476 Protenus,
376 438 416 469 et
433 439 563 469 nostro
583 431 692 482 (quid
710 431 794 491 plus
813 431 905 467 velit
923 429 1024 479 ira?)
1043 431 1174 468 necari

158 485 352 523 Arbitrio:
374 492 500 522 manet
519 485 586 522 illa
603 492 730 522 tamen
742 485 906 535 jactura,
925 497 995 521 nec
1013 497 1191 535 umquam

157 539 383 589 Depositum
401 539 473 576 tibi
492 552 618 590 sospes
638 538 722 575 erit.
779 537 854 576 Sed
873 551 1030 588 corpore
1048 544 1185 576 trunco

158 593 349 630 Invidiosa
368 592 473 629 dabit
491 593 666 629 minimus
686 591 821 628 solatia
838 590 1011 652 sanguis.

158 647 213 683 At
231 645 398 683 vindicta
416 645 555 682 bonum
573 645 653 683 vita
664 644 898 696 jucundius
888 657 980 695 ipsa.

156 699 303 750 Nempe
323 699 394 736 hoc
414 699 568 744 indocti,
589 712 748 750 quorum
766 698 978 749 praecordia
995 697 1108 735 nullis

157 753 353 790 Interdum
373 760 438 790 aut
457 752 602 789 levibus
621 752 749 789 videas
768 751 972 812 flagrantia
991 752 1124 789 causis.

156 805 508 856 Quantulacumque
528 806 621 843 adeo
641 813 698 843 est
717 806 875 849 occasio,
897 805 1063 842 sufficit
1054 818 1134 842 1rae.

158 859 389 910 Chrysippus
408 873 483 896 non
502 860 602 897 dicet
621 859 731 904 idem,
751 873 820 896 nec
839 859 931 896 mite
954 858 1125 896 Thaletis

160 913 372 963 Ingenium,
393 913 568 964 dulcique
588 927 701 950 senex
719 913 865 950 vicinus
886 913 1082 963 Hymetto,

157 965 232 1011 Qui
251 974 397 1017 partem
416 974 581 1017 acceptae
600 979 698 1004 saeva
716 966 816 1003 inter
833 966 959 1003 vincla
980 967 1114 1004 cicutae

157 1020 383 1056 Accusatori
402 1020 520 1057 nollet
539 1020 641 1057 dare.
698 1020 868 1056 Plurima
886 1019 978 1056 felix

156 1073 346 1110 Paulatim
364 1073 458 1110 vitia
477 1081 590 1124 atque
609 1086 757 1110 errores
777 1073 880 1110 exuit
898 1086 1038 1133 omna,

156 1126 287 1163 Prima
306 1126 416 1164 docet
434 1135 581 1164 rectum
602 1127 815 1188 Sapientia:
844 1127 981 1178 quippe
1000 1127 1135 1164 minuti

158 1180 312 1230 Semper
333 1187 371 1217 et
390 1180 531 1217 infirmi
550 1187 607 1218 est
624 1181 740 1217 animi
759 1180 961 1231 exiguique
981 1180 1151 1231 voluptas

159 1233 280 1270 Ultio.
338 1234 526 1271 Continuo
546 1234 599 1271 sic
620 1234 770 1284 collige,
791 1233 893 1284 quod
912 1233 1080 1271 vindicta

156 1287 279 1323 Nemo
299 1287 421 1337 magis
441 1287 594 1337 gaudet,
615 1301 726 1338 quam
746 1287 897 1324 femina.
955 1287 1034 1325 Cur
1052 1295 1179 1324 tamen
1197 1287 1264 1324 hos
1285 1296 1327 1326 tu

158 1340 331 1377 Evasisse
352 1347 470 1390 putes,
493 1355 585 1391 quos
606 1340 680 1377 diri
699 1340 850 1378 conscia
868 1340 959 1377 faeti

155 1393 264 1430 Mens
285 1393 400 1430 habet
419 1395 611 1438 attonitos,
629 1401 668 1431 et
687 1394 800 1431 surdo
819 1394 977 1431 verbere
998 1393 1119 1438 caedit,

160 1446 364 1483 Occultum
383 1447 576 1497 quatiente
596 1448 720 1484 animo
739 1455 884 1484 tortore
903 1447 1122 1498 flagellum?

154 1500 273 1537 Poena
291 1507 417 1536 autem
436 1501 636 1537 vehemens
655 1514 699 1538 ac
719 1501 836 1537 multo
856 1501 988 1537 saevior
1008 1500 1094 1544 illis,

154 1553 256 1598 Quas
276 1560 314 1590 et
337 1553 522 1591 Caedicius
541 1553 670 1604 gravis
690 1554 842 1598 invenit,
863 1561 900 1590 et
921 1553 1241 1598 Rhadamanthus,

156 1607 278 1644 Nocte
299 1607 433 1657 dieque
454 1621 561 1643 suum
579 1614 731 1658 gestare
751 1608 790 1643 in
809 1615 960 1658 pectore
980 1614 1125 1644 testem.

158 1662 342 1711 Spartano
364 1660 512 1697 cuidam
531 1660 725 1711 respondit
745 1661 884 1711 Pythia
903 1669 1023 1698 vates:

158 1714 272 1750 Haud
292 1714 517 1764 impunitum
537 1713 724 1764 quondam
743 1714 835 1757 fore,
847 1714 958 1774 quod
978 1713 1170 1751 dubitaret

156 1767 381 1817 Depositum
401 1768 576 1811 retinere,
599 1775 636 1805 et
655 1763 854 1805 fraudem
839 1781 926 1818 Jure
946 1767 1046 1805 tueri

153 1821 178 1858 J
183 1834 226 1856 ιιι
230 1820 338 1857 ando.
395 1821 598 1866 Quaerebat
617 1822 727 1866 enim,
749 1835 830 1872 quae
850 1821 1012 1858 numinis
1032 1828 1130 1858 esset

155 1874 274 1919 Mens,
296 1881 334 1911 et
353 1888 401 1911 an
421 1875 491 1912 hoc
513 1875 568 1911 illi
589 1875 733 1912 facinus
753 1875 929 1913 suaderet
948 1874 1112 1925 Apollo?

156 1927 337 1964 Reddidit
356 1942 450 1977 ergo
470 1937 582 1971 metu,
603 1943 677 1966 non
697 1929 883 1972 moribus;
912 1936 950 1966 et
970 1937 1095 1966 tamen
1114 1941 1262 1966 omnem

157 1981 297 2018 Vocem
317 1981 420 2032 adyti
441 1982 595 2032 dignuin
614 1983 753 2033 templo
773 1996 974 2032 veramque
993 1982 1178 2033 probavit,

154 2035 371 2072 Exstinctus
391 2043 469 2071 tota
489 2037 632 2086 pariter
652 2050 736 2073 cum
756 2037 861 2086 prole
881 2035 1078 2086 domoque,

156 2089 214 2131 Et,
237 2103 297 2139 quz
288 2089 404 2125 ⁴inivis
425 2089 540 2139 longa
559 2090 730 2127 deductis
749 2101 876 2140 glute,
897 2089 1133 2140 propinquis

155 2143 234 2178 llas
255 2143 396 2193 patitur
416 2155 543 2202 poenas
562 2144 742 2194 peccandi
763 2144 841 2180 solu
861 2144 1043 2181 voluutas.

155 2196 252 2231 Nam
272 2197 392 2232 scelus
415 2197 514 2233 intra
533 2211 571 2234 se
592 2197 748 2234 tacitum
769 2198 832 2257 qui
853 2198 998 2247 cogitat
1017 2196 1144 2240 ullum,

156 2249 193 2283 1·“·
187 2250 260 2285 ·ιυῑί
283 2250 424 2286 crimen
445 2249 568 2287 habet.
626 2251 738 2294 Cedo,
760 2252 791 2287 si
812 2259 945 2288 conata
964 2248 1140 2302 peregit?

156 2302 184 2336 l’
188 2312 326 2351 (···ιῑκιιι·
330 2318 340 2338 ι
360 2304 528 2341 anxietas
547 2318 616 2342 nec
636 2319 770 2342 mcnsae
790 2312 959 2356 tempore
979 2311 1110 2347 cessat,

156 2354 252 2391 lum·
247 2357 338 2392 ·ibus
360 2365 399 2393 ut
419 2358 549 2395 morbo
570 2359 689 2402 siccis,
712 2359 884 2409 interque
904 2357 1064 2395 molares

155 2408 309 2444 Difficili
332 2424 412 2446 ιω·
398 2419 523 2449 cente
544 2413 646 2449 cibo:
677 2413 741 2450 sed
761 2413 847 2449 vina
865 2411 1030 2449 misellus

153 2461 182 2497 1
188 2477 226 2497 ,κε
231 2465 328 2511 lunt:
363 2465 499 2501 Albani
520 2466 658 2503 veteris
678 2467 844 2518 pretiosa
862 2472 1033 2504 senectus

153 2515 259 2565 Disp
268 2517 350 2552 icet.
409 2520 595 2556 ostendas
617 2521 760 2564 melius,
780 2518 999 2558 densissima
1018 2531 1117 2569 ruga

154 2570 228 2605 (ιιι-
209 2581 313 2617 ··ιιιιι
336 2571 370 2606 in
394 2571 564 2616 frontem,
587 2573 689 2611 velut
707 2574 786 2611 acri
805 2574 919 2611 dueta
939 2571 1099 2609 l·alerno
