<?xml version="1.0" encoding="UTF-8"?>
<!DOCTYPE html PUBLIC "-//W3C//DTD XHTML 1.0 Transitional//EN"
    "http://www.w3.org/TR/xhtml1/DTD/xhtml1-transitional.dtd">
<html xmlns="http://www.w3.org/1999/xhtml" xml:lang="en" lang="en">
 <head>
  <title>
</title>
<meta http-equiv="Content-Type" content="text/html;charset=utf-8" />
  <meta name='ocr-system' content='tesseract 3.04.00' />
  <meta name='ocr-capabilities' content='ocr_page ocr_carea ocr_par ocr_line ocrx_word'/>
</head>
<body>
  <div class='ocr_page' id='page_1' title='image "./satiresiiixxiiix00juveuoft_0071.png"; bbox 0 0 1446 2697; ppageno 0'>
   <div class='ocr_carea' id='block_1_1' title="bbox 566 35 1338 75">
    <p class='ocr_par' dir='ltr' id='par_1_1' title="bbox 566 35 1338 75">
     <span class='ocr_line' id='line_1_1' title="bbox 566 35 1338 75; baseline 0.008 -6"><span class='ocrx_word' id='word_1_1' title='bbox 566 40 719 70; x_wconf 78' lang='lat' dir='ltr'><strong>SATIRA</strong></span> <span class='ocrx_word' id='word_1_2' title='bbox 738 40 824 71; x_wconf 79' lang='lat' dir='ltr'>xiv.</span> <span class='ocrx_word' id='word_1_3' title='bbox 1285 35 1338 75; x_wconf 84' lang='lat'>25</span> 
     </span>
    </p>
   </div>
   <div class='ocr_carea' id='block_1_2' title="bbox 40 119 1305 2517">
    <p class='ocr_par' dir='ltr' id='par_1_2' title="bbox 151 119 1109 330">
     <span class='ocr_line' id='line_1_2' title="bbox 158 119 1109 171; baseline 0.001 -13"><span class='ocrx_word' id='word_1_4' title='bbox 158 120 293 158; x_wconf 88' lang='lat' dir='ltr'>Altera</span> <span class='ocrx_word' id='word_1_5' title='bbox 313 119 401 157; x_wconf 85' lang='lat' dir='ltr'>villa</span> <span class='ocrx_word' id='word_1_6' title='bbox 418 120 500 165; x_wconf 81' lang='lat' dir='ltr'>tibi,</span> <span class='ocrx_word' id='word_1_7' title='bbox 521 134 632 171; x_wconf 90' lang='lat' dir='ltr'>quum</span> <span class='ocrx_word' id='word_1_8' title='bbox 652 134 716 157; x_wconf 88' lang='lat' dir='ltr'>rus</span> <span class='ocrx_word' id='word_1_9' title='bbox 735 134 810 157; x_wconf 89' lang='lat' dir='ltr'>non</span> <span class='ocrx_word' id='word_1_10' title='bbox 829 120 965 158; x_wconf 87' lang='lat' dir='ltr'>sufficit</span> <span class='ocrx_word' id='word_1_11' title='bbox 984 135 1109 167; x_wconf 90' lang='lat' dir='ltr'>unum,</span> 
     </span>
     <span class='ocr_line' id='line_1_3' title="bbox 154 173 1035 224; baseline 0 -12"><span class='ocrx_word' id='word_1_12' title='bbox 154 174 206 212; x_wconf 87' lang='lat' dir='ltr'>Et</span> <span class='ocrx_word' id='word_1_13' title='bbox 224 173 394 224; x_wconf 83' lang='lat' dir='ltr'>proferre</span> <span class='ocrx_word' id='word_1_14' title='bbox 413 174 507 212; x_wconf 90' lang='lat' dir='ltr'>libet</span> <span class='ocrx_word' id='word_1_15' title='bbox 524 175 634 217; x_wconf 86' lang='lat' dir='ltr'>fines;</span> <span class='ocrx_word' id='word_1_16' title='bbox 662 173 856 224; x_wconf 86' lang='lat' dir='ltr'>majorque</span> <span class='ocrx_word' id='word_1_17' title='bbox 877 174 1035 219; x_wconf 85' lang='lat' dir='ltr'>videtur,</span> 
     </span>
     <span class='ocr_line' id='line_1_4' title="bbox 153 227 1078 278; baseline 0.001 -13"><span class='ocrx_word' id='word_1_18' title='bbox 153 227 204 265; x_wconf 90' lang='lat' dir='ltr'>Et</span> <span class='ocrx_word' id='word_1_19' title='bbox 222 228 356 264; x_wconf 87' lang='lat' dir='ltr'>melior</span> <span class='ocrx_word' id='word_1_20' title='bbox 375 228 499 265; x_wconf 87' lang='lat' dir='ltr'>vicina</span> <span class='ocrx_word' id='word_1_21' title='bbox 517 240 640 278; x_wconf 87' lang='lat' dir='ltr'>seges:</span> <span class='ocrx_word' id='word_1_22' title='bbox 669 227 849 264; x_wconf 86' lang='lat' dir='ltr'>mercaris</span> <span class='ocrx_word' id='word_1_23' title='bbox 869 234 906 265; x_wconf 88' lang='lat' dir='ltr'>et</span> <span class='ocrx_word' id='word_1_24' title='bbox 925 227 1021 266; x_wconf 88' lang='lat' dir='ltr'>hanc</span> <span class='ocrx_word' id='word_1_25' title='bbox 1040 235 1078 266; x_wconf 91' lang='lat' dir='ltr'>et</span> 
     </span>
     <span class='ocr_line' id='line_1_5' title="bbox 151 280 1031 330; baseline 0 -12"><span class='ocrx_word' id='word_1_26' title='bbox 151 281 320 318; x_wconf 90' lang='lat' dir='ltr'>Arbusta</span> <span class='ocrx_word' id='word_1_27' title='bbox 338 288 376 318; x_wconf 91' lang='lat' dir='ltr'>et</span> <span class='ocrx_word' id='word_1_28' title='bbox 395 281 509 318; x_wconf 88' lang='lat' dir='ltr'>densa</span> <span class='ocrx_word' id='word_1_29' title='bbox 526 287 690 317; x_wconf 90' lang='lat' dir='ltr'>montem</span> <span class='ocrx_word' id='word_1_30' title='bbox 710 280 774 330; x_wconf 89' lang='lat' dir='ltr'>qui</span> <span class='ocrx_word' id='word_1_31' title='bbox 794 288 903 318; x_wconf 84' lang='lat' dir='ltr'>canet</span> <span class='ocrx_word' id='word_1_32' title='bbox 921 281 1031 319; x_wconf 87' lang='lat' dir='ltr'>oliva.</span> 
     </span>
    </p>

    <p class='ocr_par' dir='ltr' id='par_1_3' title="bbox 52 333 1177 592">
     <span class='ocr_line' id='line_1_6' title="bbox 52 333 1089 386; baseline 0.002 -16"><span class='ocrx_word' id='word_1_33' title='bbox 52 336 121 373; x_wconf 78' lang='lat'>145</span> <span class='ocrx_word' id='word_1_34' title='bbox 153 334 323 380; x_wconf 75' lang='lat' dir='ltr'>Quorum</span> <span class='ocrx_word' id='word_1_35' title='bbox 342 335 374 371; x_wconf 90' lang='lat' dir='ltr'>si</span> <span class='ocrx_word' id='word_1_36' title='bbox 392 335 514 386; x_wconf 80' lang='lat' dir='ltr'>pretio</span> <span class='ocrx_word' id='word_1_37' title='bbox 534 333 704 370; x_wconf 89' lang='lat' dir='ltr'>dominus</span> <span class='ocrx_word' id='word_1_38' title='bbox 724 347 799 370; x_wconf 91' lang='lat' dir='ltr'>non</span> <span class='ocrx_word' id='word_1_39' title='bbox 818 334 982 371; x_wconf 86' lang='lat' dir='ltr'>vincitur</span> <span class='ocrx_word' id='word_1_40' title='bbox 1000 335 1089 381; x_wconf 91' lang='lat' dir='ltr'>ullo,</span> 
     </span>
     <span class='ocr_line' id='line_1_7' title="bbox 152 387 1059 437; baseline 0.001 -12"><span class='ocrx_word' id='word_1_41' title='bbox 152 388 276 425; x_wconf 85' lang='lat' dir='ltr'>Nocte</span> <span class='ocrx_word' id='word_1_42' title='bbox 297 388 409 426; x_wconf 89' lang='lat' dir='ltr'>boves</span> <span class='ocrx_word' id='word_1_43' title='bbox 428 387 557 431; x_wconf 88' lang='lat' dir='ltr'>macri,</span> <span class='ocrx_word' id='word_1_44' title='bbox 577 387 749 437; x_wconf 88' lang='lat' dir='ltr'>lassoque</span> <span class='ocrx_word' id='word_1_45' title='bbox 768 387 943 424; x_wconf 86' lang='lat' dir='ltr'>famelica</span> <span class='ocrx_word' id='word_1_46' title='bbox 962 389 1059 426; x_wconf 90' lang='lat' dir='ltr'>collo</span> 
     </span>
     <span class='ocr_line' id='line_1_8' title="bbox 150 440 1075 490; baseline 0 -11"><span class='ocrx_word' id='word_1_47' title='bbox 150 441 176 479; x_wconf 84' lang='lat' dir='ltr'>J</span> <span class='ocrx_word' id='word_1_48' title='bbox 179 448 330 478; x_wconf 88' lang='lat' dir='ltr'>umenta</span> <span class='ocrx_word' id='word_1_49' title='bbox 348 442 395 478; x_wconf 90' lang='lat' dir='ltr'>ad</span> <span class='ocrx_word' id='word_1_50' title='bbox 413 441 552 478; x_wconf 89' lang='lat' dir='ltr'>virides</span> <span class='ocrx_word' id='word_1_51' title='bbox 571 440 682 490; x_wconf 86' lang='lat' dir='ltr'>hujus</span> <span class='ocrx_word' id='word_1_52' title='bbox 701 440 900 477; x_wconf 77' lang='lat' dir='ltr'>mittentur</span> <span class='ocrx_word' id='word_1_53' title='bbox 919 441 1075 486; x_wconf 84' lang='lat' dir='ltr'>aristas3</span> 
     </span>
     <span class='ocr_line' id='line_1_9' title="bbox 151 494 1177 546; baseline 0.001 -14"><span class='ocrx_word' id='word_1_54' title='bbox 151 495 190 532; x_wconf 92' lang='lat' dir='ltr'>N</span> <span class='ocrx_word' id='word_1_55' title='bbox 192 509 234 532; x_wconf 91' lang='lat' dir='ltr'>ec</span> <span class='ocrx_word' id='word_1_56' title='bbox 253 495 356 546; x_wconf 84' lang='lat' dir='ltr'>prius</span> <span class='ocrx_word' id='word_1_57' title='bbox 375 494 461 531; x_wconf 90' lang='lat' dir='ltr'>inde</span> <span class='ocrx_word' id='word_1_58' title='bbox 481 494 641 537; x_wconf 87' lang='lat' dir='ltr'>domum,</span> <span class='ocrx_word' id='word_1_59' title='bbox 662 507 774 544; x_wconf 88' lang='lat' dir='ltr'>quam</span> <span class='ocrx_word' id='word_1_60' title='bbox 792 501 872 531; x_wconf 87' lang='lat' dir='ltr'>tota</span> <span class='ocrx_word' id='word_1_61' title='bbox 892 495 1040 532; x_wconf 85' lang='lat' dir='ltr'>novalia</span> <span class='ocrx_word' id='word_1_62' title='bbox 1059 508 1177 534; x_wconf 87' lang='lat' dir='ltr'>saevos</span> 
     </span>
     <span class='ocr_line' id='line_1_10' title="bbox 151 547 1076 592; baseline 0 -7"><span class='ocrx_word' id='word_1_63' title='bbox 151 548 196 585; x_wconf 87' lang='lat' dir='ltr'>In</span> <span class='ocrx_word' id='word_1_64' title='bbox 215 555 363 585; x_wconf 84' lang='lat' dir='ltr'><strong>ventres</strong></span> <span class='ocrx_word' id='word_1_65' title='bbox 383 548 528 592; x_wconf 85' lang='lat' dir='ltr'>abeant,</span> <span class='ocrx_word' id='word_1_66' title='bbox 549 554 591 584; x_wconf 90' lang='lat' dir='ltr'>ut</span> <span class='ocrx_word' id='word_1_67' title='bbox 610 547 741 584; x_wconf 85' lang='lat' dir='ltr'>credas</span> <span class='ocrx_word' id='word_1_68' title='bbox 760 547 920 584; x_wconf 87' lang='lat' dir='ltr'>falcibus</span> <span class='ocrx_word' id='word_1_69' title='bbox 940 555 1076 585; x_wconf 90' lang='lat' dir='ltr'>actum.</span> 
     </span>
    </p>

    <p class='ocr_par' dir='ltr' id='par_1_4' title="bbox 49 601 1305 865">
     <span class='ocr_line' id='line_1_11' title="bbox 49 601 1071 651; baseline 0 -13"><span class='ocrx_word' id='word_1_70' title='bbox 49 603 122 640; x_wconf 90' lang='lat'>150</span> <span class='ocrx_word' id='word_1_71' title='bbox 153 601 292 638; x_wconf 86' lang='lat' dir='ltr'>Dicere</span> <span class='ocrx_word' id='word_1_72' title='bbox 312 601 375 638; x_wconf 84' lang='lat' dir='ltr'>vix</span> <span class='ocrx_word' id='word_1_73' title='bbox 392 601 521 651; x_wconf 89' lang='lat' dir='ltr'>possis,</span> <span class='ocrx_word' id='word_1_74' title='bbox 544 615 655 651; x_wconf 90' lang='lat' dir='ltr'>quam</span> <span class='ocrx_word' id='word_1_75' title='bbox 674 601 783 638; x_wconf 89' lang='lat' dir='ltr'>multi</span> <span class='ocrx_word' id='word_1_76' title='bbox 802 601 894 637; x_wconf 86' lang='lat' dir='ltr'>talia</span> <span class='ocrx_word' id='word_1_77' title='bbox 912 601 1071 651; x_wconf 83' lang='lat' dir='ltr'>plorent,</span> 
     </span>
     <span class='ocr_line' id='line_1_12' title="bbox 153 653 939 705; baseline -0.003 -13"><span class='ocrx_word' id='word_1_78' title='bbox 153 655 203 692; x_wconf 82' lang='lat' dir='ltr'>Et</span> <span class='ocrx_word' id='word_1_79' title='bbox 221 661 311 705; x_wconf 88' lang='lat' dir='ltr'>quot</span> <span class='ocrx_word' id='word_1_80' title='bbox 329 654 478 692; x_wconf 84' lang='lat' dir='ltr'>venales</span> <span class='ocrx_word' id='word_1_81' title='bbox 498 654 640 704; x_wconf 88' lang='lat' dir='ltr'>injuria</span> <span class='ocrx_word' id='word_1_82' title='bbox 658 653 794 691; x_wconf 90' lang='lat' dir='ltr'>fecerit</span> <span class='ocrx_word' id='word_1_83' title='bbox 814 668 939 704; x_wconf 87' lang='lat' dir='ltr'>agros.</span> 
     </span>
     <span class='ocr_line' id='line_1_13' title="bbox 152 707 1145 758; baseline -0.002 -12"><span class='ocrx_word' id='word_1_84' title='bbox 152 708 226 746; x_wconf 90' lang='lat' dir='ltr'>Sed</span> <span class='ocrx_word' id='word_1_85' title='bbox 246 708 310 758; x_wconf 90' lang='lat' dir='ltr'>qui</span> <span class='ocrx_word' id='word_1_86' title='bbox 328 708 544 745; x_wconf 81' lang='lat' dir='ltr'>sermones?</span> <span class='ocrx_word' id='word_1_87' title='bbox 573 721 684 758; x_wconf 89' lang='lat' dir='ltr'>quarn</span> <span class='ocrx_word' id='word_1_88' title='bbox 703 707 812 745; x_wconf 89' lang='lat' dir='ltr'>foedae</span> <span class='ocrx_word' id='word_1_89' title='bbox 832 707 992 745; x_wconf 89' lang='lat' dir='ltr'>buccina</span> <span class='ocrx_word' id='word_1_90' title='bbox 1009 707 1145 745; x_wconf 84' lang='lat' dir='ltr'>famae?</span> 
     </span>
     <span class='ocr_line' id='line_1_14' title="bbox 150 760 1305 813; baseline 0 -15"><span class='ocrx_word' id='word_1_91' title='bbox 150 761 252 807; x_wconf 80' lang='lat' dir='ltr'>Quid</span> <span class='ocrx_word' id='word_1_92' title='bbox 269 769 380 799; x_wconf 89' lang='lat' dir='ltr'>nocet</span> <span class='ocrx_word' id='word_1_93' title='bbox 397 761 502 798; x_wconf 84' lang='lat' dir='ltr'>haec?</span> <span class='ocrx_word' id='word_1_94' title='bbox 530 761 663 810; x_wconf 90' lang='lat' dir='ltr'>inquit.</span> <span class='ocrx_word' id='word_1_95' title='bbox 722 761 907 798; x_wconf 85' lang='lat' dir='ltr'>Tunicam</span> <span class='ocrx_word' id='word_1_96' title='bbox 926 760 1019 798; x_wconf 87' lang='lat' dir='ltr'>mihi</span> <span class='ocrx_word' id='word_1_97' title='bbox 1039 761 1136 798; x_wconf 92' lang='lat' dir='ltr'>malo</span> <span class='ocrx_word' id='word_1_98' title='bbox 1156 762 1305 813; x_wconf 83' lang='lat' dir='ltr'>lupinae,</span> 
     </span>
     <span class='ocr_line' id='line_1_15' title="bbox 150 814 921 865; baseline -0.001 -13"><span class='ocrx_word' id='word_1_99' title='bbox 150 815 272 860; x_wconf 80' lang='lat' dir='ltr'>Quam</span> <span class='ocrx_word' id='word_1_100' title='bbox 291 814 322 852; x_wconf 91' lang='lat' dir='ltr'>si</span> <span class='ocrx_word' id='word_1_101' title='bbox 341 829 400 853; x_wconf 90' lang='lat' dir='ltr'>me</span> <span class='ocrx_word' id='word_1_102' title='bbox 420 820 498 851; x_wconf 86' lang='lat' dir='ltr'>toto</span> <span class='ocrx_word' id='word_1_103' title='bbox 518 815 646 851; x_wconf 86' lang='lat' dir='ltr'>laudet</span> <span class='ocrx_word' id='word_1_104' title='bbox 665 814 804 851; x_wconf 85' lang='lat' dir='ltr'>vicinia</span> <span class='ocrx_word' id='word_1_105' title='bbox 822 828 921 865; x_wconf 88' lang='lat' dir='ltr'>pago</span> 
     </span>
    </p>

    <p class='ocr_par' dir='ltr' id='par_1_5' title="bbox 49 868 1106 1132">
     <span class='ocr_line' id='line_1_16' title="bbox 49 868 992 918; baseline -0.002 -11"><span class='ocrx_word' id='word_1_106' title='bbox 49 870 119 907; x_wconf 89' lang='lat'>155</span> <span class='ocrx_word' id='word_1_107' title='bbox 150 868 292 918; x_wconf 80' lang='lat' dir='ltr'>Exigui</span> <span class='ocrx_word' id='word_1_108' title='bbox 309 869 409 905; x_wconf 89' lang='lat' dir='ltr'>ruris</span> <span class='ocrx_word' id='word_1_109' title='bbox 428 868 652 918; x_wconf 87' lang='lat' dir='ltr'>paucissima</span> <span class='ocrx_word' id='word_1_110' title='bbox 670 868 774 905; x_wconf 85' lang='lat' dir='ltr'>farra</span> <span class='ocrx_word' id='word_1_111' title='bbox 793 875 992 905; x_wconf 81' lang='lat' dir='ltr'>secantem.</span> 
     </span>
     <span class='ocr_line' id='line_1_17' title="bbox 150 921 968 966; baseline 0 -8"><span class='ocrx_word' id='word_1_112' title='bbox 150 921 303 959; x_wconf 85' lang='lat' dir='ltr'>Scilicet</span> <span class='ocrx_word' id='word_1_113' title='bbox 322 928 359 958; x_wconf 90' lang='lat' dir='ltr'>et</span> <span class='ocrx_word' id='word_1_114' title='bbox 378 921 519 958; x_wconf 83' lang='lat' dir='ltr'>morbis</span> <span class='ocrx_word' id='word_1_115' title='bbox 539 928 577 958; x_wconf 85' lang='lat' dir='ltr'>et</span> <span class='ocrx_word' id='word_1_116' title='bbox 597 921 791 958; x_wconf 89' lang='lat' dir='ltr'>debilitate</span> <span class='ocrx_word' id='word_1_117' title='bbox 812 921 968 966; x_wconf 87' lang='lat' dir='ltr'>carebis,</span> 
     </span>
     <span class='ocr_line' id='line_1_18' title="bbox 146 974 1106 1025; baseline 0 -13"><span class='ocrx_word' id='word_1_118' title='bbox 146 974 197 1012; x_wconf 90' lang='lat' dir='ltr'>Et</span> <span class='ocrx_word' id='word_1_119' title='bbox 214 976 357 1013; x_wconf 88' lang='lat' dir='ltr'>luctum</span> <span class='ocrx_word' id='word_1_120' title='bbox 376 982 414 1012; x_wconf 92' lang='lat' dir='ltr'>et</span> <span class='ocrx_word' id='word_1_121' title='bbox 433 989 562 1012; x_wconf 86' lang='lat' dir='ltr'>curam</span> <span class='ocrx_word' id='word_1_122' title='bbox 581 974 750 1025; x_wconf 84' lang='lat' dir='ltr'>effugies,</span> <span class='ocrx_word' id='word_1_123' title='bbox 772 981 811 1012; x_wconf 92' lang='lat' dir='ltr'>et</span> <span class='ocrx_word' id='word_1_124' title='bbox 829 982 1000 1025; x_wconf 86' lang='lat' dir='ltr'>tempora</span> <span class='ocrx_word' id='word_1_125' title='bbox 1018 975 1106 1012; x_wconf 82' lang='lat' dir='ltr'>vitae</span> 
     </span>
     <span class='ocr_line' id='line_1_19' title="bbox 148 1027 1072 1079; baseline 0.001 -15"><span class='ocrx_word' id='word_1_126' title='bbox 148 1027 282 1078; x_wconf 90' lang='lat' dir='ltr'>Longa</span> <span class='ocrx_word' id='word_1_127' title='bbox 299 1028 370 1065; x_wconf 90' lang='lat' dir='ltr'>tibi</span> <span class='ocrx_word' id='word_1_128' title='bbox 388 1036 473 1079; x_wconf 86' lang='lat' dir='ltr'>post</span> <span class='ocrx_word' id='word_1_129' title='bbox 491 1028 572 1065; x_wconf 84' lang='lat' dir='ltr'>haec</span> <span class='ocrx_word' id='word_1_130' title='bbox 591 1027 669 1065; x_wconf 86' lang='lat' dir='ltr'>fato</span> <span class='ocrx_word' id='word_1_131' title='bbox 689 1029 844 1065; x_wconf 90' lang='lat' dir='ltr'>meliore</span> <span class='ocrx_word' id='word_1_132' title='bbox 864 1028 1072 1072; x_wconf 84' lang='lat' dir='ltr'>dabuntur3</span> 
     </span>
     <span class='ocr_line' id='line_1_20' title="bbox 149 1081 931 1132; baseline 0 -14"><span class='ocrx_word' id='word_1_133' title='bbox 149 1081 188 1119; x_wconf 88' lang='lat' dir='ltr'>Si</span> <span class='ocrx_word' id='word_1_134' title='bbox 206 1087 354 1118; x_wconf 86' lang='lat' dir='ltr'>tantum</span> <span class='ocrx_word' id='word_1_135' title='bbox 372 1082 465 1119; x_wconf 89' lang='lat' dir='ltr'>culti</span> <span class='ocrx_word' id='word_1_136' title='bbox 485 1081 584 1119; x_wconf 90' lang='lat' dir='ltr'>solus</span> <span class='ocrx_word' id='word_1_137' title='bbox 604 1082 814 1132; x_wconf 85' lang='lat' dir='ltr'>possederis</span> <span class='ocrx_word' id='word_1_138' title='bbox 835 1082 931 1132; x_wconf 79' lang='lat' dir='ltr'>agri,</span> 
     </span>
    </p>

    <p class='ocr_par' dir='ltr' id='par_1_6' title="bbox 45 1133 1278 1398">
     <span class='ocr_line' id='line_1_21' title="bbox 45 1133 1112 1185; baseline 0 -14"><span class='ocrx_word' id='word_1_139' title='bbox 45 1133 118 1173; x_wconf 87' lang='lat'>160</span> <span class='ocrx_word' id='word_1_140' title='bbox 147 1134 338 1179; x_wconf 77' lang='lat' dir='ltr'>Quantum</span> <span class='ocrx_word' id='word_1_141' title='bbox 357 1135 424 1172; x_wconf 92' lang='lat' dir='ltr'>sub</span> <span class='ocrx_word' id='word_1_142' title='bbox 447 1135 560 1172; x_wconf 84' lang='lat' dir='ltr'>Tatio</span> <span class='ocrx_word' id='word_1_143' title='bbox 579 1135 737 1185; x_wconf 87' lang='lat' dir='ltr'>populus</span> <span class='ocrx_word' id='word_1_144' title='bbox 759 1135 949 1172; x_wconf 85' lang='lat' dir='ltr'>Romanus</span> <span class='ocrx_word' id='word_1_145' title='bbox 969 1135 1112 1172; x_wconf 85' lang='lat' dir='ltr'>arabat.</span> 
     </span>
     <span class='ocr_line' id='line_1_22' title="bbox 146 1188 1017 1238; baseline -0.001 -13"><span class='ocrx_word' id='word_1_146' title='bbox 146 1188 237 1225; x_wconf 83' lang='lat' dir='ltr'>Mox</span> <span class='ocrx_word' id='word_1_147' title='bbox 255 1189 369 1225; x_wconf 88' lang='lat' dir='ltr'>etiam</span> <span class='ocrx_word' id='word_1_148' title='bbox 387 1188 520 1225; x_wconf 87' lang='lat' dir='ltr'>fractis</span> <span class='ocrx_word' id='word_1_149' title='bbox 539 1195 650 1225; x_wconf 85' lang='lat' dir='ltr'>aetate</span> <span class='ocrx_word' id='word_1_150' title='bbox 670 1202 713 1225; x_wconf 88' lang='lat' dir='ltr'>ac</span> <span class='ocrx_word' id='word_1_151' title='bbox 735 1189 881 1225; x_wconf 86' lang='lat' dir='ltr'>Punica</span> <span class='ocrx_word' id='word_1_152' title='bbox 900 1188 1017 1238; x_wconf 89' lang='lat' dir='ltr'>passis</span> 
     </span>
     <span class='ocr_line' id='line_1_23' title="bbox 146 1241 1278 1291; baseline 0.001 -14"><span class='ocrx_word' id='word_1_153' title='bbox 146 1241 297 1285; x_wconf 86' lang='lat' dir='ltr'>Proelia,</span> <span class='ocrx_word' id='word_1_154' title='bbox 318 1242 377 1279; x_wconf 90' lang='lat' dir='ltr'>vel</span> <span class='ocrx_word' id='word_1_155' title='bbox 398 1241 588 1291; x_wconf 84' lang='lat' dir='ltr'>Pyrrhum</span> <span class='ocrx_word' id='word_1_156' title='bbox 607 1241 816 1285; x_wconf 86' lang='lat' dir='ltr'>immanem,</span> <span class='ocrx_word' id='word_1_157' title='bbox 837 1241 1059 1291; x_wconf 84' lang='lat' dir='ltr'>gladiosque</span> <span class='ocrx_word' id='word_1_158' title='bbox 1082 1241 1278 1286; x_wconf 86' lang='lat' dir='ltr'>Molossos,</span> 
     </span>
     <span class='ocr_line' id='line_1_24' title="bbox 149 1294 1101 1345; baseline 0 -14"><span class='ocrx_word' id='word_1_159' title='bbox 149 1294 318 1331; x_wconf 88' lang='lat' dir='ltr'>Tandem</span> <span class='ocrx_word' id='word_1_160' title='bbox 337 1308 405 1345; x_wconf 87' lang='lat' dir='ltr'>pro</span> <span class='ocrx_word' id='word_1_161' title='bbox 425 1294 553 1331; x_wconf 89' lang='lat' dir='ltr'>multis</span> <span class='ocrx_word' id='word_1_162' title='bbox 573 1295 634 1331; x_wconf 86' lang='lat' dir='ltr'>vix</span> <span class='ocrx_word' id='word_1_163' title='bbox 649 1295 790 1345; x_wconf 90' lang='lat' dir='ltr'>jugera</span> <span class='ocrx_word' id='word_1_164' title='bbox 808 1294 897 1331; x_wconf 90' lang='lat' dir='ltr'>bina</span> <span class='ocrx_word' id='word_1_165' title='bbox 915 1294 1101 1332; x_wconf 84' lang='lat' dir='ltr'>dabantur</span> 
     </span>
     <span class='ocr_line' id='line_1_25' title="bbox 151 1347 1198 1398; baseline 0 -14"><span class='ocrx_word' id='word_1_166' title='bbox 151 1348 389 1385; x_wconf 86' lang='lat' dir='ltr'>Vulneribus.</span> <span class='ocrx_word' id='word_1_167' title='bbox 446 1348 595 1385; x_wconf 87' lang='lat' dir='ltr'>Merces</span> <span class='ocrx_word' id='word_1_168' title='bbox 614 1348 693 1385; x_wconf 85' lang='lat' dir='ltr'>haec</span> <span class='ocrx_word' id='word_1_169' title='bbox 713 1347 906 1397; x_wconf 87' lang='lat' dir='ltr'>sanguinis</span> <span class='ocrx_word' id='word_1_170' title='bbox 926 1355 1038 1398; x_wconf 89' lang='lat' dir='ltr'>atque</span> <span class='ocrx_word' id='word_1_171' title='bbox 1058 1347 1198 1384; x_wconf 89' lang='lat' dir='ltr'>laboris</span> 
     </span>
    </p>

    <p class='ocr_par' dir='ltr' id='par_1_7' title="bbox 46 1400 1217 1666">
     <span class='ocr_line' id='line_1_26' title="bbox 46 1400 1152 1451; baseline 0 -13"><span class='ocrx_word' id='word_1_172' title='bbox 46 1400 116 1439; x_wconf 88' lang='lat'>165</span> <span class='ocrx_word' id='word_1_173' title='bbox 149 1401 274 1438; x_wconf 85' lang='lat' dir='ltr'>Nullis</span> <span class='ocrx_word' id='word_1_174' title='bbox 293 1401 373 1438; x_wconf 84' lang='lat' dir='ltr'>visa</span> <span class='ocrx_word' id='word_1_175' title='bbox 391 1415 569 1451; x_wconf 90' lang='lat' dir='ltr'>umquam</span> <span class='ocrx_word' id='word_1_176' title='bbox 587 1401 732 1438; x_wconf 88' lang='lat' dir='ltr'>meritis</span> <span class='ocrx_word' id='word_1_177' title='bbox 752 1401 885 1445; x_wconf 81' lang='lat' dir='ltr'>minor,</span> <span class='ocrx_word' id='word_1_178' title='bbox 907 1408 972 1437; x_wconf 90' lang='lat' dir='ltr'>aut</span> <span class='ocrx_word' id='word_1_179' title='bbox 992 1402 1152 1451; x_wconf 84' lang='lat' dir='ltr'>ingratae</span> 
     </span>
     <span class='ocr_line' id='line_1_27' title="bbox 149 1454 1074 1506; baseline -0.001 -14"><span class='ocrx_word' id='word_1_180' title='bbox 149 1455 266 1492; x_wconf 84' lang='lat' dir='ltr'>Curta</span> <span class='ocrx_word' id='word_1_181' title='bbox 284 1455 375 1491; x_wconf 90' lang='lat' dir='ltr'>fides</span> <span class='ocrx_word' id='word_1_182' title='bbox 397 1455 538 1506; x_wconf 83' lang='lat' dir='ltr'>patriae.</span> <span class='ocrx_word' id='word_1_183' title='bbox 595 1455 797 1492; x_wconf 88' lang='lat' dir='ltr'>Saturabat</span> <span class='ocrx_word' id='word_1_184' title='bbox 815 1454 970 1504; x_wconf 86' lang='lat' dir='ltr'>glebula</span> <span class='ocrx_word' id='word_1_185' title='bbox 987 1455 1074 1492; x_wconf 88' lang='lat' dir='ltr'>talis</span> 
     </span>
     <span class='ocr_line' id='line_1_28' title="bbox 144 1507 1161 1559; baseline 0 -15"><span class='ocrx_word' id='word_1_186' title='bbox 144 1508 297 1545; x_wconf 87' lang='lat' dir='ltr'>Patrem</span> <span class='ocrx_word' id='word_1_187' title='bbox 316 1509 437 1559; x_wconf 90' lang='lat' dir='ltr'>ipsum</span> <span class='ocrx_word' id='word_1_188' title='bbox 455 1507 678 1558; x_wconf 89' lang='lat' dir='ltr'>turbamque</span> <span class='ocrx_word' id='word_1_189' title='bbox 699 1521 803 1552; x_wconf 84' lang='lat' dir='ltr'>casae,</span> <span class='ocrx_word' id='word_1_190' title='bbox 824 1521 898 1558; x_wconf 87' lang='lat' dir='ltr'>qua</span> <span class='ocrx_word' id='word_1_191' title='bbox 916 1507 994 1545; x_wconf 83' lang='lat' dir='ltr'>feta</span> <span class='ocrx_word' id='word_1_192' title='bbox 1006 1508 1161 1559; x_wconf 87' lang='lat' dir='ltr'>jacebat</span> 
     </span>
     <span class='ocr_line' id='line_1_29' title="bbox 147 1561 1012 1612; baseline 0 -14"><span class='ocrx_word' id='word_1_193' title='bbox 147 1561 264 1606; x_wconf 80' lang='lat' dir='ltr'>Uxor,</span> <span class='ocrx_word' id='word_1_194' title='bbox 286 1568 324 1598; x_wconf 89' lang='lat' dir='ltr'>et</span> <span class='ocrx_word' id='word_1_195' title='bbox 343 1561 504 1598; x_wconf 85' lang='lat' dir='ltr'>infantes</span> <span class='ocrx_word' id='word_1_196' title='bbox 525 1561 705 1598; x_wconf 87' lang='lat' dir='ltr'>ludebant</span> <span class='ocrx_word' id='word_1_197' title='bbox 724 1569 895 1612; x_wconf 86' lang='lat' dir='ltr'>quatuor,</span> <span class='ocrx_word' id='word_1_198' title='bbox 917 1575 1012 1598; x_wconf 89' lang='lat' dir='ltr'>unus</span> 
     </span>
     <span class='ocr_line' id='line_1_30' title="bbox 144 1614 1217 1666; baseline -0.002 -15"><span class='ocrx_word' id='word_1_199' title='bbox 144 1615 323 1659; x_wconf 87' lang='lat' dir='ltr'>Vernula,</span> <span class='ocrx_word' id='word_1_200' title='bbox 344 1622 421 1652; x_wconf 88' lang='lat' dir='ltr'>tres</span> <span class='ocrx_word' id='word_1_201' title='bbox 442 1615 601 1652; x_wconf 83' lang='lat' dir='ltr'>domini:</span> <span class='ocrx_word' id='word_1_202' title='bbox 631 1615 697 1652; x_wconf 89' lang='lat' dir='ltr'>sed</span> <span class='ocrx_word' id='word_1_203' title='bbox 715 1615 861 1666; x_wconf 86' lang='lat' dir='ltr'>magnis</span> <span class='ocrx_word' id='word_1_204' title='bbox 881 1614 1063 1652; x_wconf 84' lang='lat' dir='ltr'>fratribus</span> <span class='ocrx_word' id='word_1_205' title='bbox 1083 1615 1217 1651; x_wconf 85' lang='lat' dir='ltr'>horum</span> 
     </span>
    </p>

    <p class='ocr_par' dir='ltr' id='par_1_8' title="bbox 43 1667 1135 1932">
     <span class='ocr_line' id='line_1_31' title="bbox 43 1667 1074 1713; baseline -0.001 -8"><span class='ocrx_word' id='word_1_206' title='bbox 43 1667 114 1709; x_wconf 84' lang='lat'>170</span> <span class='ocrx_word' id='word_1_207' title='bbox 145 1670 179 1705; x_wconf 80' lang='lat' dir='ltr'>A</span> <span class='ocrx_word' id='word_1_208' title='bbox 199 1668 332 1705; x_wconf 88' lang='lat' dir='ltr'>scrobe</span> <span class='ocrx_word' id='word_1_209' title='bbox 351 1669 411 1706; x_wconf 91' lang='lat' dir='ltr'>vel</span> <span class='ocrx_word' id='word_1_210' title='bbox 431 1668 534 1705; x_wconf 90' lang='lat' dir='ltr'>sulco</span> <span class='ocrx_word' id='word_1_211' title='bbox 553 1668 808 1713; x_wconf 85' lang='lat' dir='ltr'>redeuntibus,</span> <span class='ocrx_word' id='word_1_212' title='bbox 828 1668 948 1705; x_wconf 82' lang='lat' dir='ltr'>altera</span> <span class='ocrx_word' id='word_1_213' title='bbox 968 1681 1074 1705; x_wconf 87' lang='lat' dir='ltr'>coena</span> 
     </span>
     <span class='ocr_line' id='line_1_32' title="bbox 143 1721 1085 1772; baseline -0.001 -14"><span class='ocrx_word' id='word_1_214' title='bbox 143 1722 329 1772; x_wconf 81' lang='lat' dir='ltr'>Amplior,</span> <span class='ocrx_word' id='word_1_215' title='bbox 350 1729 388 1759; x_wconf 89' lang='lat' dir='ltr'>et</span> <span class='ocrx_word' id='word_1_216' title='bbox 406 1721 570 1772; x_wconf 85' lang='lat' dir='ltr'>grandes</span> <span class='ocrx_word' id='word_1_217' title='bbox 589 1721 784 1759; x_wconf 89' lang='lat' dir='ltr'>fumabant</span> <span class='ocrx_word' id='word_1_218' title='bbox 803 1721 969 1772; x_wconf 89' lang='lat' dir='ltr'>pultibus</span> <span class='ocrx_word' id='word_1_219' title='bbox 990 1721 1085 1758; x_wconf 86' lang='lat' dir='ltr'>ollae.</span> 
     </span>
     <span class='ocr_line' id='line_1_33' title="bbox 143 1774 1135 1826; baseline -0.001 -15"><span class='ocrx_word' id='word_1_220' title='bbox 143 1775 254 1812; x_wconf 85' lang='lat' dir='ltr'>Nunc</span> <span class='ocrx_word' id='word_1_221' title='bbox 274 1775 405 1813; x_wconf 91' lang='lat' dir='ltr'>modus</span> <span class='ocrx_word' id='word_1_222' title='bbox 424 1775 486 1812; x_wconf 88' lang='lat' dir='ltr'>hic</span> <span class='ocrx_word' id='word_1_223' title='bbox 506 1775 592 1826; x_wconf 87' lang='lat' dir='ltr'>agri</span> <span class='ocrx_word' id='word_1_224' title='bbox 611 1783 741 1813; x_wconf 87' lang='lat' dir='ltr'>nostro</span> <span class='ocrx_word' id='word_1_225' title='bbox 760 1789 836 1813; x_wconf 90' lang='lat' dir='ltr'>non</span> <span class='ocrx_word' id='word_1_226' title='bbox 855 1774 992 1811; x_wconf 88' lang='lat' dir='ltr'>sufficit</span> <span class='ocrx_word' id='word_1_227' title='bbox 1011 1774 1135 1811; x_wconf 88' lang='lat' dir='ltr'>horto.</span> 
     </span>
     <span class='ocr_line' id='line_1_34' title="bbox 143 1828 1071 1879; baseline 0 -15"><span class='ocrx_word' id='word_1_228' title='bbox 143 1828 234 1865; x_wconf 89' lang='lat' dir='ltr'>Inde</span> <span class='ocrx_word' id='word_1_229' title='bbox 254 1828 333 1866; x_wconf 89' lang='lat' dir='ltr'>fere</span> <span class='ocrx_word' id='word_1_230' title='bbox 353 1829 538 1866; x_wconf 88' lang='lat' dir='ltr'>scelerum</span> <span class='ocrx_word' id='word_1_231' title='bbox 558 1842 688 1873; x_wconf 72' lang='lat' dir='ltr'>causae,</span> <span class='ocrx_word' id='word_1_232' title='bbox 710 1842 778 1866; x_wconf 88' lang='lat' dir='ltr'>nee</span> <span class='ocrx_word' id='word_1_233' title='bbox 798 1828 908 1879; x_wconf 87' lang='lat' dir='ltr'>plura</span> <span class='ocrx_word' id='word_1_234' title='bbox 927 1841 1071 1865; x_wconf 89' lang='lat' dir='ltr'>venena</span> 
     </span>
     <span class='ocr_line' id='line_1_35' title="bbox 144 1881 1028 1932; baseline 0 -15"><span class='ocrx_word' id='word_1_235' title='bbox 144 1881 310 1925; x_wconf 86' lang='lat' dir='ltr'>Miscuit,</span> <span class='ocrx_word' id='word_1_236' title='bbox 331 1889 396 1919; x_wconf 92' lang='lat' dir='ltr'>aut</span> <span class='ocrx_word' id='word_1_237' title='bbox 414 1882 516 1919; x_wconf 87' lang='lat' dir='ltr'>ferro</span> <span class='ocrx_word' id='word_1_238' title='bbox 536 1889 733 1932; x_wconf 81' lang='lat' dir='ltr'>grassatur</span> <span class='ocrx_word' id='word_1_239' title='bbox 753 1882 885 1932; x_wconf 87' lang='lat' dir='ltr'>saepius</span> <span class='ocrx_word' id='word_1_240' title='bbox 906 1881 1028 1918; x_wconf 85' lang='lat' dir='ltr'>ullum</span> 
     </span>
    </p>

    <p class='ocr_par' dir='ltr' id='par_1_9' title="bbox 45 1934 1278 2191">
     <span class='ocr_line' id='line_1_36' title="bbox 45 1934 1052 1986; baseline 0.001 -16"><span class='ocrx_word' id='word_1_241' title='bbox 45 1935 113 1974; x_wconf 87' lang='grc'>175</span> <span class='ocrx_word' id='word_1_242' title='bbox 146 1934 330 1972; x_wconf 72' lang='lat' dir='ltr'>Humanae</span> <span class='ocrx_word' id='word_1_243' title='bbox 348 1936 484 1973; x_wconf 88' lang='lat' dir='ltr'>mentis</span> <span class='ocrx_word' id='word_1_244' title='bbox 503 1935 647 1980; x_wconf 87' lang='lat' dir='ltr'>vitium,</span> <span class='ocrx_word' id='word_1_245' title='bbox 669 1949 780 1986; x_wconf 90' lang='lat' dir='ltr'>quam</span> <span class='ocrx_word' id='word_1_246' title='bbox 800 1949 896 1972; x_wconf 86' lang='lat' dir='ltr'>saeva</span> <span class='ocrx_word' id='word_1_247' title='bbox 916 1934 1052 1985; x_wconf 87' lang='lat' dir='ltr'>cupido</span> 
     </span>
     <span class='ocr_line' id='line_1_37' title="bbox 143 1987 1027 2039; baseline 0.001 -16"><span class='ocrx_word' id='word_1_248' title='bbox 143 1987 321 2025; x_wconf 87' lang='lat' dir='ltr'>Indomiti</span> <span class='ocrx_word' id='word_1_249' title='bbox 341 2002 491 2026; x_wconf 87' lang='lat' dir='ltr'>census:</span> <span class='ocrx_word' id='word_1_250' title='bbox 521 2003 607 2026; x_wconf 87' lang='lat' dir='ltr'>nam</span> <span class='ocrx_word' id='word_1_251' title='bbox 627 1989 729 2026; x_wconf 91' lang='lat' dir='ltr'>dives</span> <span class='ocrx_word' id='word_1_252' title='bbox 750 1989 815 2039; x_wconf 91' lang='lat' dir='ltr'>qui</span> <span class='ocrx_word' id='word_1_253' title='bbox 833 1988 917 2025; x_wconf 85' lang='lat' dir='ltr'>fieri</span> <span class='ocrx_word' id='word_1_254' title='bbox 936 1988 1027 2032; x_wconf 92' lang='lat' dir='ltr'>vult,</span> 
     </span>
     <span class='ocr_line' id='line_1_38' title="bbox 142 2040 1122 2093; baseline -0.001 -16"><span class='ocrx_word' id='word_1_255' title='bbox 142 2040 192 2077; x_wconf 86' lang='lat' dir='ltr'>Et</span> <span class='ocrx_word' id='word_1_256' title='bbox 212 2041 287 2077; x_wconf 89' lang='lat' dir='ltr'>cito</span> <span class='ocrx_word' id='word_1_257' title='bbox 307 2041 387 2078; x_wconf 80' lang='lat' dir='ltr'>vult</span> <span class='ocrx_word' id='word_1_258' title='bbox 406 2041 500 2078; x_wconf 89' lang='lat' dir='ltr'>fieri.</span> <span class='ocrx_word' id='word_1_259' title='bbox 557 2041 632 2080; x_wconf 88' lang='lat' dir='ltr'>Sed</span> <span class='ocrx_word' id='word_1_260' title='bbox 651 2056 732 2093; x_wconf 80' lang='lat' dir='ltr'>quae</span> <span class='ocrx_word' id='word_1_261' title='bbox 751 2041 965 2079; x_wconf 88' lang='lat' dir='ltr'>reverentia</span> <span class='ocrx_word' id='word_1_262' title='bbox 984 2041 1122 2090; x_wconf 87' lang='lat' dir='ltr'>legum,</span> 
     </span>
     <span class='ocr_line' id='line_1_39' title="bbox 142 2092 1278 2146; baseline -0.002 -16"><span class='ocrx_word' id='word_1_263' title='bbox 142 2094 236 2138; x_wconf 81' lang='lat' dir='ltr'>Quis</span> <span class='ocrx_word' id='word_1_264' title='bbox 256 2101 376 2131; x_wconf 85' lang='lat' dir='ltr'>metus</span> <span class='ocrx_word' id='word_1_265' title='bbox 396 2101 461 2131; x_wconf 84' lang='lat' dir='ltr'>aut</span> <span class='ocrx_word' id='word_1_266' title='bbox 479 2095 600 2145; x_wconf 87' lang='lat' dir='ltr'>pudor</span> <span class='ocrx_word' id='word_1_267' title='bbox 619 2103 676 2132; x_wconf 90' lang='lat' dir='ltr'>est</span> <span class='ocrx_word' id='word_1_268' title='bbox 694 2109 870 2146; x_wconf 85' lang='lat' dir='ltr'>umquam</span> <span class='ocrx_word' id='word_1_269' title='bbox 890 2093 1128 2145; x_wconf 88' lang='lat' dir='ltr'>properantis</span> <span class='ocrx_word' id='word_1_270' title='bbox 1148 2092 1278 2129; x_wconf 80' lang='lat' dir='ltr'>avari?</span> 
     </span>
     <span class='ocr_line' id='line_1_40' title="bbox 148 2147 966 2191; baseline 0 -8"><span class='ocrx_word' id='word_1_271' title='bbox 148 2147 273 2184; x_wconf 89' lang='lat' dir='ltr'>Vivite</span> <span class='ocrx_word' id='word_1_272' title='bbox 295 2148 462 2185; x_wconf 88' lang='lat' dir='ltr'>contenti</span> <span class='ocrx_word' id='word_1_273' title='bbox 482 2149 617 2185; x_wconf 87' lang='lat' dir='ltr'>casulis</span> <span class='ocrx_word' id='word_1_274' title='bbox 637 2155 675 2186; x_wconf 88' lang='lat' dir='ltr'>et</span> <span class='ocrx_word' id='word_1_275' title='bbox 694 2149 852 2186; x_wconf 91' lang='lat' dir='ltr'>collibus</span> <span class='ocrx_word' id='word_1_276' title='bbox 873 2148 966 2191; x_wconf 85' lang='lat' dir='ltr'>istis,</span> 
     </span>
    </p>

    <p class='ocr_par' dir='ltr' id='par_1_10' title="bbox 40 2200 1178 2464">
     <span class='ocr_line' id='line_1_41' title="bbox 40 2200 1037 2251; baseline -0.002 -14"><span class='ocrx_word' id='word_1_277' title='bbox 40 2203 112 2238; x_wconf 86' lang='lat'>180</span> <span class='ocrx_word' id='word_1_278' title='bbox 146 2200 180 2237; x_wconf 94' lang='lat' dir='ltr'>O</span> <span class='ocrx_word' id='word_1_279' title='bbox 200 2201 318 2251; x_wconf 87' lang='lat' dir='ltr'>pueri,</span> <span class='ocrx_word' id='word_1_280' title='bbox 341 2202 489 2238; x_wconf 85' lang='lat' dir='ltr'>Marsus</span> <span class='ocrx_word' id='word_1_281' title='bbox 510 2201 659 2239; x_wconf 84' lang='lat' dir='ltr'>dicebat</span> <span class='ocrx_word' id='word_1_282' title='bbox 678 2209 715 2238; x_wconf 86' lang='lat' dir='ltr'>et</span> <span class='ocrx_word' id='word_1_283' title='bbox 736 2201 927 2238; x_wconf 90' lang='lat' dir='ltr'>Hernicus</span> <span class='ocrx_word' id='word_1_284' title='bbox 947 2200 1037 2236; x_wconf 90' lang='lat' dir='ltr'>olim</span> 
     </span>
     <span class='ocr_line' id='line_1_42' title="bbox 144 2253 1102 2305; baseline -0.003 -15"><span class='ocrx_word' id='word_1_285' title='bbox 144 2253 399 2305; x_wconf 87' lang='lat' dir='ltr'>Vestinusque</span> <span class='ocrx_word' id='word_1_286' title='bbox 419 2268 550 2291; x_wconf 82' lang='lat' dir='ltr'>senex:</span> <span class='ocrx_word' id='word_1_287' title='bbox 579 2268 713 2305; x_wconf 87' lang='lat' dir='ltr'>panem</span> <span class='ocrx_word' id='word_1_288' title='bbox 734 2267 942 2304; x_wconf 87' lang='lat' dir='ltr'>quaeramus</span> <span class='ocrx_word' id='word_1_289' title='bbox 963 2258 1102 2295; x_wconf 85' lang='lat' dir='ltr'>aratro,</span> 
     </span>
     <span class='ocr_line' id='line_1_43' title="bbox 141 2304 1155 2352; baseline -0.002 -9"><span class='ocrx_word' id='word_1_290' title='bbox 141 2307 217 2352; x_wconf 83' lang='lat' dir='ltr'>Qui</span> <span class='ocrx_word' id='word_1_291' title='bbox 237 2308 326 2345; x_wconf 88' lang='lat' dir='ltr'>satis</span> <span class='ocrx_word' id='word_1_292' title='bbox 347 2314 404 2345; x_wconf 86' lang='lat' dir='ltr'>est</span> <span class='ocrx_word' id='word_1_293' title='bbox 423 2307 578 2345; x_wconf 89' lang='lat' dir='ltr'>mensis:</span> <span class='ocrx_word' id='word_1_294' title='bbox 608 2307 763 2344; x_wconf 81' lang='lat' dir='ltr'>laudant</span> <span class='ocrx_word' id='word_1_295' title='bbox 781 2307 853 2344; x_wconf 91' lang='lat' dir='ltr'>hoc</span> <span class='ocrx_word' id='word_1_296' title='bbox 872 2305 1026 2342; x_wconf 89' lang='lat' dir='ltr'>numina</span> <span class='ocrx_word' id='word_1_297' title='bbox 1043 2304 1155 2348; x_wconf 89' lang='lat' dir='ltr'>ruris,</span> 
     </span>
     <span class='ocr_line' id='line_1_44' title="bbox 142 2358 1178 2412; baseline -0.002 -16"><span class='ocrx_word' id='word_1_298' title='bbox 142 2360 312 2405; x_wconf 80' lang='lat' dir='ltr'>Quorum</span> <span class='ocrx_word' id='word_1_299' title='bbox 331 2375 399 2412; x_wconf 90' lang='lat' dir='ltr'>ope</span> <span class='ocrx_word' id='word_1_300' title='bbox 420 2367 458 2398; x_wconf 89' lang='lat' dir='ltr'>et</span> <span class='ocrx_word' id='word_1_301' title='bbox 477 2361 628 2404; x_wconf 82' lang='lat' dir='ltr'>auxilio,</span> <span class='ocrx_word' id='word_1_302' title='bbox 647 2367 769 2411; x_wconf 73' lang='lat' dir='ltr'>gratae</span> <span class='ocrx_word' id='word_1_303' title='bbox 787 2366 871 2410; x_wconf 89' lang='lat' dir='ltr'>post</span> <span class='ocrx_word' id='word_1_304' title='bbox 890 2372 1023 2395; x_wconf 90' lang='lat' dir='ltr'>munus</span> <span class='ocrx_word' id='word_1_305' title='bbox 1042 2358 1178 2400; x_wconf 83' lang='lat' dir='ltr'>aristae,</span> 
     </span>
     <span class='ocr_line' id='line_1_45' title="bbox 145 2413 1064 2464; baseline -0.003 -13"><span class='ocrx_word' id='word_1_306' title='bbox 145 2413 384 2464; x_wconf 83' lang='lat' dir='ltr'>Contingunt</span> <span class='ocrx_word' id='word_1_307' title='bbox 402 2414 545 2452; x_wconf 87' lang='lat' dir='ltr'>homini</span> <span class='ocrx_word' id='word_1_308' title='bbox 564 2414 702 2451; x_wconf 84' lang='lat' dir='ltr'>veteris</span> <span class='ocrx_word' id='word_1_309' title='bbox 721 2413 875 2450; x_wconf 88' lang='lat' dir='ltr'>fastidia</span> <span class='ocrx_word' id='word_1_310' title='bbox 894 2425 1064 2463; x_wconf 89' lang='lat' dir='ltr'>quercus.</span> 
     </span>
    </p>

    <p class='ocr_par' dir='ltr' id='par_1_11' title="bbox 40 2464 1127 2517">
     <span class='ocr_line' id='line_1_46' title="bbox 40 2464 1127 2517; baseline 0.002 -17"><span class='ocrx_word' id='word_1_311' title='bbox 40 2467 111 2503; x_wconf 86' lang='lat'>185</span> <span class='ocrx_word' id='word_1_312' title='bbox 146 2466 213 2504; x_wconf 91' lang='lat' dir='ltr'>Nil</span> <span class='ocrx_word' id='word_1_313' title='bbox 233 2469 391 2505; x_wconf 86' lang='lat' dir='ltr'>vetitum</span> <span class='ocrx_word' id='word_1_314' title='bbox 410 2468 543 2506; x_wconf 87' lang='lat' dir='ltr'>fecisse</span> <span class='ocrx_word' id='word_1_315' title='bbox 563 2467 674 2512; x_wconf 86' lang='lat' dir='ltr'>volet,</span> <span class='ocrx_word' id='word_1_316' title='bbox 695 2481 805 2517; x_wconf 91' lang='lat' dir='ltr'>quem</span> <span class='ocrx_word' id='word_1_317' title='bbox 823 2479 898 2504; x_wconf 91' lang='lat' dir='ltr'>non</span> <span class='ocrx_word' id='word_1_318' title='bbox 917 2464 1032 2517; x_wconf 86' lang='lat' dir='ltr'>pudet</span> <span class='ocrx_word' id='word_1_319' title='bbox 1050 2465 1127 2502; x_wconf 82' lang='lat' dir='ltr'>alto</span> 
     </span>
    </p>
   </div>
  </div>
 </body>
</html>
