1446 2697
53 63 107 102 22

580 74 600 104 J
604 74 828 104 UVENALIS.

164 155 247 193 Nec
266 155 400 192 melius
420 155 466 192 de
485 168 524 192 se
544 155 720 206 cuiquam
739 168 891 206 sperare
909 154 1121 205 propinquo

164 209 356 246 Concedet
371 209 533 260 juvenis,
555 209 620 260 qui
638 209 772 246 radere
792 208 928 246 tubera
945 214 1069 253 terrae,

159 261 335 300 Boletum
356 262 521 307 condire,
541 273 580 300 et
599 263 729 300 eodem
741 263 829 313 jure
849 268 1021 299 natantes

159 317 339 366 Mergere
359 315 537 354 ficedulas
556 316 701 361 didicit,
721 316 907 353 nebulone
926 322 1092 367 parente,

84 372 130 408 10
161 370 213 407 Et
232 383 326 407 cana
344 377 576 408 monstrante
595 371 698 421 gula.
754 370 879 415 Quum
899 369 1079 420 septimus
1097 382 1216 406 annus

82 639 126 674 ]5

77 906 127 942 20

77 1177 124 1212 25

77 1445 126 1480 30

77 1715 123 1749 35

80 1983 125 2017 40

71 2249 118 2283 45

70 2517 121 2552 50

162 422 376 460 Transierit
395 437 523 474 puero,
544 424 710 462 nondum
729 423 832 461 omni
851 423 962 461 dente
981 422 1126 466 renato,

162 476 348 514 Barbatos
367 477 459 514 licet
477 477 675 515 admoveas
695 477 797 514 mille
817 477 905 514 inde
925 476 1139 527 magistros,

159 530 262 567 Hinc
282 530 452 576 totidem,
474 531 600 582 cupiet
619 531 723 569 lauto
744 544 892 568 coenare
912 538 1048 581 paratu

161 584 327 635 Semper,
349 592 387 621 et
405 599 428 622 a
446 598 585 635 magna
603 599 679 623 non
698 585 931 635 degenerare
951 585 1088 622 culina.

158 637 294 675 Mitem
313 638 478 675 animum
497 645 536 676 et
554 653 676 676 mores
696 638 853 675 modicis
873 638 1066 675 erroribus
1085 651 1211 688 aequos

158 690 350 742 Praecipit,
371 699 484 743 atque
504 692 647 730 animas
667 706 862 729 servorum
881 700 919 729 et
939 705 1099 742 corpora
1117 700 1247 729 nostra

157 745 322 782 Materia
341 754 513 783 constare
533 754 641 797 putat
659 746 887 797 paribusque
907 745 1113 790 elementis,

156 799 220 835 An
240 799 370 836 saevire
390 799 501 837 docet
522 799 685 844 Rutilus,
707 800 771 850 qui
790 799 931 850 gaudet
950 799 1087 836 acerbo

157 852 362 903 Plagarum
383 854 555 905 strepitu,
576 861 614 891 et
633 853 774 890 nullam
797 853 931 891 Sirena
949 852 1111 903 flagellis

159 905 373 957 Comparat,
397 908 626 958 Antiphates
645 907 785 958 trepidi
804 906 906 951 laris,
927 920 971 944 ae
992 906 1270 958 Polyphemus?

159 959 257 997 Tum
276 960 378 1005 felix,
400 962 546 1011 quoties
565 961 702 1012 aliquis
721 968 866 998 tortore
887 969 1020 998 vocato

159 1013 298 1057 Uritur
317 1014 466 1052 ardenti
487 1015 560 1052 duo
580 1022 736 1066 propter
754 1014 872 1051 lintea
890 1014 1004 1051 ferro.

157 1067 259 1112 Quid
279 1068 411 1105 suadet
426 1069 558 1119 juveni
577 1069 685 1106 laetus
706 1068 868 1106 stridore
888 1076 1040 1112 catenae,

157 1121 279 1166 Quem
299 1123 394 1159 mire
413 1123 582 1160 afficiunt
601 1123 784 1174 inscripta
803 1122 1005 1173 ergastula,
1027 1135 1159 1159 carcer

158 1174 363 1212 Rusticus?
420 1176 638 1227 Exspectas,
660 1184 703 1213 ut
721 1190 796 1213 non
815 1176 865 1212 sit
883 1175 1057 1213 adultera
1078 1175 1214 1224 Largae

157 1228 266 1273 Filia,
289 1241 372 1280 quae
392 1243 596 1280 numquam
616 1237 807 1267 maternos
828 1229 954 1266 dicere
974 1229 1138 1266 moechos

157 1282 254 1319 Tam
274 1284 361 1328 cito,
381 1298 450 1321 nec
470 1292 576 1321 tanto
596 1284 738 1335 poterit
757 1290 957 1320 contexere
979 1297 1102 1326 cursu,

157 1335 213 1374 Ut
231 1350 306 1373 non
325 1345 384 1374 ter
404 1337 529 1375 decies
548 1337 735 1388 respiret?
794 1337 954 1375 Conscia
973 1337 1087 1373 matri

158 1389 281 1440 Virgo
300 1390 392 1427 fuit:
423 1404 528 1428 ceras
548 1405 648 1428 nunc
668 1391 738 1428 hac
760 1391 926 1428 dictante
946 1390 1100 1441 pusillas

157 1443 293 1494 Implet
312 1451 350 1480 et
369 1444 417 1481 ad
436 1445 602 1482 moechos
623 1444 688 1481 dat
707 1444 847 1481 eisdem
867 1444 968 1481 ferre
989 1443 1155 1481 cinaedis.

158 1497 219 1534 Sic
239 1504 375 1534 natura
388 1497 517 1548 jubet:
548 1498 714 1536 velocius
733 1505 771 1535 et
791 1498 902 1535 citius
921 1511 988 1534 nos

158 1550 415 1602 Corrumpunt
436 1551 612 1589 vitiorum
632 1552 802 1602 exempla
821 1551 1036 1594 domestica,
1057 1565 1204 1601 magnis

155 1604 281 1649 Quum
301 1605 462 1643 subeunt
481 1606 623 1642 animos
648 1605 876 1642 auctoribus.
937 1605 1044 1643 Unus
1064 1613 1101 1641 et
1121 1605 1217 1641 alter

156 1658 330 1696 Forsitan
351 1658 432 1696 haec
452 1667 632 1710 spernant
646 1659 814 1710 juvenes,
837 1659 972 1709 quibus
992 1666 1074 1696 arte
1095 1658 1258 1708 benigna

155 1711 206 1748 Et
227 1713 381 1750 meliore
401 1713 481 1750 luto
501 1713 609 1750 finxit
630 1712 837 1764 praecordia
859 1713 994 1750 Titan:

156 1766 229 1803 Sed
248 1766 414 1817 reliquos
433 1766 616 1817 fugienda
635 1775 783 1817 patrum
803 1767 965 1816 vestigia
984 1766 1136 1807 ducunt,

157 1820 208 1856 Et
227 1828 436 1857 monstrata
455 1821 520 1858 diu
540 1821 677 1858 veteris
697 1820 815 1857 trahit
835 1820 960 1857 orbita
978 1820 1108 1870 culpae.

156 1873 358 1911 Abstineas
379 1875 499 1924 igitur
519 1874 762 1911 damnandis:
793 1874 905 1925 hujus
925 1874 1025 1911 enim
1045 1873 1103 1910 vel

161 1927 248 1964 Una
268 1935 399 1978 potens
419 1929 518 1965 ratio
539 1937 606 1973 est,
626 1942 672 1965 ne
693 1928 852 1965 erimina
871 1935 1000 1965 nostra
1019 1935 1225 1977 sequantur

158 1981 215 2017 Ex
236 1981 342 2018 nobis
361 1982 502 2032 geniti3
532 1982 708 2032 quoniam
729 1981 870 2018 dociles
892 1981 1082 2018 imitandis

156 2035 348 2086 Turpibus
368 2050 411 2073 ac
432 2035 555 2086 pravis
576 2050 703 2072 omnes
723 2049 869 2078 sumus;
899 2044 936 2072 et
959 2034 1160 2073 Catilinam

153 2088 399 2140 Quocumque
419 2089 457 2126 in
478 2090 615 2140 populo
636 2089 773 2134 videas,
794 2103 1028 2140 quocumque
1048 2088 1117 2125 sub
1137 2101 1222 2125 axe:

151 2142 225 2178 Sed
247 2157 315 2180 nec
339 2143 480 2180 Brutus
500 2143 584 2186 erit,
609 2143 719 2180 Bruti
741 2158 809 2180 nec
830 2143 1034 2180 avunculus
1055 2155 1223 2192 usquam.

154 2195 218 2232 Nil
241 2196 344 2234 (lictu
365 2197 504 2234 foedum
525 2197 681 2248 visuque
701 2197 780 2234 haec
803 2197 931 2234 limina
950 2204 1095 2246 tangat,

152 2248 256 2286 Intra
276 2264 358 2300 qum
379 2265 472 2302 puer
492 2259 560 2288 est.
616 2251 755 2288 Procul
776 2251 875 2293 hinc,
896 2250 1027 2302 procul
1048 2248 1134 2286 inde
1154 2247 1288 2299 puellae

153 2301 344 2340 Lenonum
365 2312 403 2341 et
423 2312 553 2342 cantus
574 2305 830 2356 pernoctantis
850 2304 1018 2355 parasiti.

151 2355 319 2393 Maxima.
339 2358 497 2396 debetur
517 2373 634 2410 puero
655 2359 879 2396 reverentia.
936 2358 974 2396 Si
996 2356 1086 2407 quid

153 2408 281 2459 Turpe
302 2424 420 2460 parus,
442 2426 488 2449 ne
508 2420 547 2449 tu
570 2413 676 2463 pueri
697 2411 940 2450 contemseris
959 2424 1094 2453 anuos3

152 2462 224 2499 Sed
245 2472 447 2513 peccaturo
468 2466 591 2503 obstet
610 2466 680 2503 tibi
702 2466 800 2503 filius
820 2465 953 2503 infans.

154 2515 252 2553 Nam
273 2517 302 2553 si
325 2518 413 2567 quid
435 2518 589 2568 ‹lig-num
614 2521 790 2557 Censoris
810 2518 940 2557 feeerit
964 2518 1021 2555 ira
