1446 2697
591 61 749 91 sunm
768 62 808 91 x.
1302 53 1351 93 15

56 196 130 233 315
163 194 359 232 Interdum
379 194 420 231 in
463 194 570 232 dolor
588 194 683 245 plus,
704 207 815 243 quam
834 193 893 231 lex
913 193 992 231 ulla
1011 193 1133 231 dolori

163 248 370 286 Concessit.
467 255 551 286 ecat
569 248 631 284 hic
650 247 764 290 ferro,
785 254 888 284 secat
907 247 972 284 ille
992 248 1158 285 cruentis

162 301 408 344 Verberibus,
430 316 455 353 q
482 301 609 339 osdam
629 300 794 338 moechos
815 307 852 337 et
871 301 1025 351 mugilis
1044 301 1173 339 intrat.

164 355 239 393 Sed
257 363 344 393 tuus
365 343 578 406 Endffmion
597 354 744 391 dileetae
764 353 829 390 fiet
848 354 996 391 adulter

161 409 365 446 Matronae:
385 407 472 450 moi
490 421 604 458 quum
624 407 772 445 dederit
794 407 954 445 Servilia
972 422 1114 452 numos,

54 463 130 498 320
164 462 250 499 Fiet
269 470 308 500 et
327 462 440 505 illius,
486 475 574 498 uam
592 475 668 498 non
686 468 806 497 amat:
827 468 939 497 exuet
958 475 1105 498 omnem

164 515 342 566 Corporis
362 455 548 578 ornagnm.
603 514 707 560 Quid
726 515 826 551 enim
844 513 922 550 ulla
939 515 1138 564 negaverit
1152 514 1236 552 udis

161 141 309 185 Martis,
330 148 372 178 ut
391 140 603 341 itgzqueos
622 154 826 190 numquam
844 139 998 177 incidat.
1054 141 1189 192 Exigit
1208 149 1332 179 autem

162 622 342 660 Deterior
360 630 460 660 totos
506 622 594 659 abet
613 622 692 659 illic
712 621 852 658 femina
871 635 1005 658 mores.

162 676 235 714 Sed
255 683 358 714 casto
379 676 471 726 quid
505 690 611 713 orma
629 675 765 713 nocet?
795 675 886 726 quid
903 675 1046 726 profuit
1065 675 1179 712 immo

54 731 128 767 325
161 729 368 780 Hippolyto
388 743 484 780 grav
525 729 783 781 propositum?
813 729 905 779 quid
926 729 1237 780 Bellerophonti?

161 782 325 820 Erubuit
344 797 477 834 nempe
524 797 587 827 aee,
610 797 680 821 ceu
697 782 878 826 fastidita,
900 783 1062 833 repulsa.

159 836 198 873 N
201 850 242 874 ec
265 837 491 875 Stheneboea
549 837 643 881 inus,
664 850 776 887 quam
798 836 943 880 Cressa,
964 836 1175 880 excanduit,
1197 844 1234 873 et
1255 852 1291 873 se

162 889 393 928 Concussere
413 891 543 928 amb.
599 890 741 928 Mulier
761 890 964 927 saevissima
982 899 1072 928 tune
1092 897 1159 934 est,

159 943 285 989 Quum
305 945 476 982 stimulos
496 940 583 991 oflio
603 944 725 995 pudor
744 944 930 981 admovet.
987 943 1101 994 Elige
1121 944 1300 995 quidnam

54 998 128 1034 ‘330
160 997 400 1035 Suadendum
420 1012 500 1036 esse
545 1006 639 1042 utes,
661 998 722 1036 cui
741 997 883 1034 nubere
907 997 1066 1035 Caesaris
1085 1011 1180 1035 uxor

159 1050 361 1088 Destinat?
421 1051 598 1103 Optimus
617 1052 680 1089 hic
700 1058 738 1088 et
757 1051 1048 1089 formosissimus
1068 1051 1168 1089 idem

158 1104 294 1142 Gentis
314 1106 484 1156 patriciae
503 1120 523 1142 r
548 1107 651 1156 pitur
670 1105 784 1142 miser
805 1105 1099 1155 exstinguendus

158 1158 370 1196 Messalinae
391 1159 529 1196 oculis:
551 1159 692 1196 dudum
710 1158 816 1196 sedet
834 1158 901 1194 issa
918 1165 1051 1208 parato

166 1211 409 1257 Flammeolo,
433 1213 527 1262 Tyri
575 1226 647 1262 que
666 1212 789 1262 palam
807 1211 968 1262 genialis
988 1211 1028 1247 in
1046 1211 1167 1248 hortis

53 1269 127 1305 335
161 1265 363 1309 Sternitur,
385 1272 423 1302 et
441 1265 519 1302 ritu
536 1265 662 1307 ,decies
684 1272 842 1302 centena
861 1264 1050 1301 dabuntur

161 1317 350 1368 Antiquo:
372 1318 498 1355 veniet
517 1327 603 1362 (mm
623 1318 880 1368 signatoribus
899 1331 1050 1368 auspex.

160 1373 253 1409 Haec
273 1380 315 1408 tu
335 1379 481 1409 secreta
500 1378 545 1418 et'3
556 1372 686 1422 paucis
707 1371 904 1408 commissa
923 1371 1107 1421 putabas?

161 1426 260 1469 Non,
281 1425 354 1462 nisi
372 1425 554 1475 legitime,
577 1425 657 1462 vult
675 1425 831 1462 nubere.
887 1424 991 1469 Quid
1010 1425 1168 1476 placeat,
1190 1425 1263 1463 die:

161 1479 199 1516 N
202 1479 214 1515 i
232 1492 366 1529 parere
385 1478 490 1522 velis,
512 1478 745 1529 pereundum
763 1478 838 1516 erit
857 1485 944 1515 ante
963 1478 1157 1516 lucernas:

54 1535 131 1571 340
162 1533 203 1571 Si
222 1532 342 1569 scelus
362 1532 552 1576 admittas,
571 1531 722 1569 dabitur
741 1545 848 1569 mora
867 1531 1033 1582 parvula,
1055 1532 1144 1569 dum
1165 1547 1225 1570 res

162 1586 266 1623 Nota
288 1585 388 1624 Urbi
408 1593 446 1622 et
465 1585 603 1636 populo
624 1586 822 1635 contingat
842 1585 1033 1636 Principis
1054 1600 1176 1623 aures.

162 1639 338 1676 Dedecus
358 1639 423 1676 ille
443 1638 573 1686 domus
594 1639 688 1676 sciet
707 1639 878 1676 ultimus:
899 1639 1046 1676 interea
1065 1647 1106 1676 tu

163 1693 414 1743 Obsequere
404 1693 575 1743 imperi,
596 1693 645 1730 sit
664 1693 761 1730 tanti
780 1693 859 1730 vita
878 1692 1026 1729 dierum

161 1747 385 1784 Paucorum.
441 1746 544 1792 Quid
570 1746 638 1784 uid
657 1747 803 1793 melius
805 1746 1308 1808 leviusqueputzris——fm

19 1788 130 1853 Q&
164 1800 607 1865 Praebenda-qu‘glgsso·
614 1793 775 1851 p'tffchra
793 1800 873 1837 haec
893 1807 930 1837 et
950 1799 1110 1837 candida
1130 1802 1269 1838 cervix.

65 1853 397 1915 Μ’ἑῖξιι
417 1853 600 1914 optabunt
620 1853 812 1890 homines?
870 1854 910 1891 Si
931 1853 1130 1891 eonsilium
1148 1855 1215 1898 vis,

166 1906 397 1944 Permittes
388 1907 477 1958 1psis
498 1907 708 1958 expendere
727 1907 953 1950 numinibus,
975 1907 1067 1957 quid

168 1959 376 1997 Conveniat
393 1961 512 2004 nobis,
534 1960 720 2011 rebusque
741 1960 790 1997 sit
808 1961 902 1998 utile
921 1961 1072 1997 nostris.

165 2012 266 2049 Nam
284 2026 353 2063 pro
369 2013 547 2063 jucundis
567 2014 762 2065 aptissima
781 2028 937 2064 quaeque
957 2014 1100 2051 dabunt
1121 2015 1183 2051 Di.

56 2069 133 2105 350
165 2065 300 2104 Carior
320 2073 377 2103 est
395 2067 471 2103 illis
490 2067 612 2111 homo,
634 2081 746 2118 quam
765 2067 849 2105 sibi.
906 2068 986 2105 Nos
1006 2068 1216 2104 animorum

164 2119 342 2170 Impulsu,
363 2127 401 2157 et
420 2133 519 2157 eaeca
536 2134 748 2172 magnaque
769 2121 944 2172 cupidine
964 2120 1078 2164 ducti,

165 2172 400 2234 Conjugiusn
416 2173 577 2224 petimus
595 2182 822 2225 partumque
841 2175 989 2211 uxoris:
1011 2181 1050 2210 at
1068 2173 1144 2210 illis

162 2227 317 2271 Notum,
339 2226 404 2277 qui
422 2227 530 2277 pueri
550 2228 746 2278 qualisque
766 2227 895 2265 futura
915 2227 964 2264 sit
985 2240 1090 2263 uxor.

165 2279 221 2318 Ut
238 2287 364 2317 tamen
384 2287 422 2317 et
441 2293 572 2330 poscas
591 2281 744 2331 aliquid,
766 2293 975 2330 voveasque
995 2280 1142 2318 sacellis

57 2336 129 2370 :355
161 2333 270 2377 Exta,
291 2340 330 2371 et
349 2333 540 2372 candiduli
560 2333 688 2370 divina
704 2334 893 2371 tomacula
912 2333 1036 2383 porei3

166 2386 365 2424 Orandum
384 2394 451 2431 est,
473 2394 514 2423 ut
534 2387 583 2423 sit
602 2400 706 2424 mens
726 2401 816 2424 sana
835 2387 874 2423 in
894 2399 1050 2437 corpore
1070 2399 1171 2424 sano.

162 2439 316 2477 Fortem
334 2454 444 2492 posce
464 2440 640 2484 animum,
661 2441 793 2477 mortis
812 2447 959 2477 terrore
979 2447 1181 2483 carentem,

163 2493 240 2538 Qui
259 2494 421 2544 spatium
439 2494 526 2532 vitae
546 2501 755 2530 extremum
774 2493 873 2530 inter
892 2507 1049 2531 munera
1066 2500 1182 2544 ponat

164 2546 333 2592 Naturae,
350 2547 414 2598 qui
433 2547 534 2585 ferre
550 2554 663 2598 queat
682 2559 934 2598 quoscumque
953 2547 1113 2590 labores,

164 569 400 619 Inguinibus,
421 569 507 730 siv}
521 575 578 606 est
595 568 675 605 haec
699 568 834 618 Oppia,
855 568 932 605 sive
956 568 1131 605 Catulla?
