1446 2697
55 114 107 152 14

544 0 560 68 l

563 120 567 135 ³
577 121 598 150 J
600 120 824 150 UVENALIS.

155 201 206 238 Et
225 200 303 237 ruit
321 206 408 237 ante
428 213 532 236 aram
552 198 687 236 summi
705 200 731 237 J
734 199 824 242 ovis,
845 205 888 236 ut
907 198 1053 236 vetulus
1072 199 1150 244 bos,

155 254 232 300 Qui
252 253 395 291 domini
415 252 548 290 cultris
566 260 679 290 tenue
698 260 737 290 et
755 251 970 289 miserabile
990 253 1128 290 collum

50 309 126 350 270
155 308 317 352 Praebet,
338 307 385 344 ab
404 306 557 357 ingrato
571 306 652 357 jam
669 306 862 344 fastiditus
881 312 1021 344 aratro.

74 470 112 514 ‘v

50 577 123 618 275

51 848 125 883 250

50 1116 122 1151 285

50 1382 124 1420 „90

45 1649 125 1687 295

55 1919 129 1953 :300

57 2185 127 2217 305

59 2451 134 2485 :310

156 362 290 399 Exitus
311 360 375 397 ille
395 367 597 410 utcumque
617 359 796 397 hominis:
817 359 883 396 sed
901 366 1010 396 torva
1029 360 1162 397 canino

157 415 329 452 Latravit
347 414 459 457 rictu,
476 427 558 465 quae
577 420 661 464 post
680 413 779 450 hunc
800 413 955 457 vixerat,
976 426 1083 450 uxor.

156 469 310 506 Festino
330 467 377 504 ad
396 474 555 511 nostros,
576 474 614 504 et
632 480 764 517 regem
783 474 933 504 transeo
954 466 1078 511 Ponti,

158 523 207 559 Et
229 522 410 564 Croesum,
432 535 542 572 quem
561 534 631 557 vox
646 520 741 571 justi
760 520 923 557 facunda
945 520 1092 558 Solonis

156 576 360 626 Respicere
380 574 428 612 ad
446 575 570 625 longae
583 574 698 625 jussit
717 573 838 625 spatia
856 574 990 610 ultima
1009 573 1107 610 vitae.

154 629 351 671 Exsilium,
373 635 410 665 et
429 641 571 673 career,
593 628 948 678 Minturnarumque
968 626 1133 678 paludes,

154 683 205 720 Et
223 682 457 719 mendicatus
476 681 577 718 victa
600 681 832 731 Carthagine
851 681 968 731 panis,

155 736 257 773 Hinc
278 749 408 773 causas
427 735 605 772 habuere.
662 734 765 780 Quid
783 734 848 772 illo
869 734 950 772 eive
970 735 1118 772 tulisset

155 790 305 826 Natura
323 789 362 825 in
382 789 504 833 terris,
527 788 615 839 quid
638 788 760 825 Roma
777 788 924 825 beatius
943 802 1131 839 umquam,
1244 833 1254 841 Ι
1269 814 1292 856 ὲ
1328 802 1358 821 v<

157 843 196 881 Si
217 842 474 880 circumducto
495 842 728 892 captivorum
748 841 900 892 agmine
920 849 958 879 et
977 842 1078 879 omni

156 897 349 933 Bellorum
367 909 513 947 pompa,
535 895 696 932 animam
717 895 927 932 exhalasset
947 896 1119 947 opimam,
1161 940 1165 946 v
1305 929 1330 936 a-

155 950 283 995 Quum
303 950 348 987 de
371 949 581 986 Teutonico
601 949 715 986 vellet
735 949 962 986 descendere
983 949 1121 986 curru?
1212 950 1280 1032 ὦχ’

154 1003 319 1041 Provida
339 1002 519 1054 Pompeio
540 1003 696 1040 dederat
719 1002 924 1053 Campania
943 1002 1067 1040 febres

157 1057 371 1108 Optandas:
394 1056 459 1093 sed
479 1056 605 1093 multae
624 1056 736 1093 urbes
757 1063 795 1093 et
814 1056 965 1106 publiea
985 1064 1072 1093 vota

158 1110 353 1148 Vicerunt.
411 1110 536 1159 Igitur
557 1110 726 1147 Fortuna
745 1109 861 1160 ipsius
881 1116 919 1147 et
942 1109 1060 1147 Urbis

155 1165 353 1202 Servatum
372 1164 472 1200 victo
492 1170 604 1214 caput
623 1163 790 1200 abstulit.
849 1164 934 1200 Hoc
955 1164 1124 1200 cruciatu

154 1217 348 1262 Lentulus,
368 1216 439 1254 hac
459 1230 568 1267 poena
588 1217 711 1254 caruit
730 1216 941 1267 ceciditque
965 1217 1157 1267 Cethegus

154 1272 321 1321 Integer,
343 1279 381 1308 et
394 1270 517 1321 jacuit
539 1270 704 1308 Catilina
724 1269 905 1307 cadave1e
925 1278 1019 1307 toto·

283 1338 382 1363 mam
403 1332 507 1382 optat
527 1323 674 1362 modico
693 1323 831 1374 pueris,
853 1324 994 1374 majore
1015 1323 1171 1374 puellis

154 1379 361 1421 Murmure,
383 1387 497 1432 quum
520 1377 678 1415 Veneris
699 1377 827 1414 fanum
843 1377 949 1414 videt
968 1377 1079 1414 anxia
1098 1384 1229 1420 mater⁷

157 1432 288 1482 Usque
308 1431 355 1468 ad
374 1425 528 1468 delicias
551 1438 731 1468 votorum.
790 1431 868 1468 Cur
887 1441 1023 1474 tamen,
1045 1430 1176 1481 inquit,

158 1484 375 1535 Corripias?
393 1498 418 1535 p
476 1484 553 1521 bra
571 1484 713 1534 gaudet
735 1484 880 1521 Latona
900 1485 1038 1521 Diana.

157 1538 228 1576 Sed
249 1545 351 1575 vetat
370 1552 444 1588 op
458 1538 492 1574 ri
512 1537 648 1575 faciem
670 1537 860 1581 Lucretia,
881 1538 1027 1587 qualem

156 1592 249 1653 Ipsa·
260 1591 411 1629 habuit.
434 1598 588 1642 cuperet
611 1591 748 1628 Rutilae
770 1591 817 1626 V‘
808 1591 949 1641 uginia
968 1591 1125 1640 gibbum

157 1645 354 1696 Accipere,
375 1647 503 1705 atque
508 1658 611 1681 suam
633 1644 771 1682 Rutilae
792 1644 892 1681 dare.
951 1644 1069 1681 Filius
1090 1653 1214 1681 autem

159 1699 337 1750 Corporis
358 1698 506 1750 egregii
525 1698 680 1735 miseros
699 1698 941 1749 trepidosque
961 1705 1134 1748 parentes

158 1754 312 1803 Semper
332 1752 459 1792 habet,
515 1752 617 1788 Rara
637 1758 694 1788 est
712 1752 805 1789 adeo
826 1751 1028 1789 concordia
1047 1751 1175 1788 forme

158 1809 285 1857 Atque
305 1804 507 1857 pudicitiae.
564 1806 720 1843 Sanctos
742 1805 831 1842 lieet
851 1805 1007 1842 horrida
1021 1819 1144 1842 mores

162 1859 382 1897 Tradiderit
402 1859 542 1902 domus,
563 1873 606 1895 nc
626 1867 771 1896 veteres
792 1859 938 1895 imitata
960 1858 1128 1899 Sabinos,

159 1914 350 1950 Praeterea
369 1920 511 1958 castum
532 1913 725 1963 ingenium
747 1913 962 1963 vultumque
983 1912 1151 1950 modesto

161 1967 352 2017 Sanguine
373 1966 579 2004 ferventem
600 1966 743 2003 tribuat
764 1975 899 2003 natura
920 1966 1086 2016 benigna

161 2021 287 2071 Larga
308 2035 436 2064 manu3
458 2020 566 2071 (quid
586 2020 685 2056 euim
705 2034 821 2070 puero
842 2020 1014 2057 conferre
1035 2027 1158 2071 potest
1177 2020 1259 2071 plus

162 2073 325 2112 Custode
346 2081 383 2111 et
403 2077 495 2111 eura
512 2081 647 2110 nutura
667 2074 855 2124 potentior
874 2073 1019 2122 omni?)

161 2129 247 2166 Non
267 2128 357 2165 licet
377 2142 455 2164 esse
477 2127 586 2164 viris:
608 2141 693 2163 nam
713 2127 874 2178 prodiga
895 2128 1126 2178 corruptoris

162 2181 385 2233 Improbitus
405 2181 504 2232 ipsos
523 2181 633 2218 audet
655 2188 800 2218 tentare
822 2189 1006 2232 parentes.

162 2236 285 2272 Tanta
306 2235 342 2271 in
363 2233 579 2272 muneribus
601 2234 752 2272 fiducia!
811 2235 948 2272 Nullus
969 2234 1152 2285 ephebum

163 2289 383 2325 Deformem
404 2303 499 2326 saeva
519 2288 697 2326 castravit
719 2289 755 2325 in
777 2303 863 2325 nree
884 2297 1084 2339 tyranuum

164 2342 244 2379 Nee
265 2349 525 2392 praetextntum
545 2342 670 2393 rapuit
693 2343 797 2379 Nero
818 2341 1023 2393 loripedem
1044 2341 1099 2378 vel

164 2396 408 2436 strumosum.
429 2404 541 2446 utque
560 2405 668 2433 utero
689 2396 830 2446 pariter
849 2395 1040 2446 gibboque
1060 2401 1278 2432 tumentem.

167 2448 181 2484 I
203 2462 311 2490 nune,
334 2457 369 2485 et
385 2450 535 2499 juvenis
554 2449 676 2501 specie
699 2450 824 2487 lauare
844 2449 916 2487 tui!
946 2461 1056 2498 quem

166 2502 313 2551 Mujorn
335 2510 552 2552 exspectant
572 2503 812 2540 discrimina?
842 2502 905 2539 fiet
924 2501 1073 2538 adulter

167 2554 344 2591 Publicus
366 2563 403 2591 et
422 2569 548 2605 piena·
568 2563 720 2599 metuet,
741 2569 992 2607 quascumque
1013 2555 1139 2592 mariti

167 2608 331 2659 Exigere
354 2608 459 2645 irati:
481 2622 549 2647 neo
569 2609 642 2647 erit
662 2609 809 2648 felicior
828 2616 930 2647 nstro
