1446 2697
35 617 110 651 280

31 1153 106 1190 290

29 1687 106 1722 300

26 1954 48 1989 3
53 1954 74 1986 0
79 1955 99 1989 5

27 2221 103 2256 310

25 2487 99 2524 315

157 7 386 122 M
573 53 730 83 SATJRA
750 53 811 82 111.
1322 44 1346 85 7

145 134 247 170 Vasa
266 132 425 176 cadunt3
447 140 586 187 quanto
606 147 825 183 percussum
845 131 1010 183 pondere
1030 131 1184 182 signent

144 187 195 224 Et
213 187 351 224 laedant
371 186 527 238 silicem.
583 187 714 276 Poflsss
730 187 888 235 ignavus
905 184 1049 228 haberi,

144 241 194 277 Et
213 240 328 283 subiti
349 254 455 277 casus
475 241 633 290 improv1
664 253 716 283 115,
737 239 784 276 ad
806 253 950 276 coenam
970 238 1002 275 si

143 294 347 331 Intestatus
368 308 441 330 eas.
499 294 606 330 Adeo
625 300 683 342 tot
702 293 792 336 fata,
813 300 904 343 quot
924 292 990 329 illa

143 348 266 384 Nocte
286 354 417 398 patent
436 347 582 398 vigiles,
604 354 641 383 te
661 354 923 397 praetereunte,
945 347 1132 382 fenestrae.

142 401 248 451 Ergo
269 407 374 451 optes
395 408 596 450 votumque
616 400 718 437 feras
737 399 951 436 miserabile
971 407 1108 441 tecum,

146 454 200 492 Ut
220 455 294 491 sint
315 461 498 491 contentae
517 453 663 504 patulas
685 453 890 490 defundere
911 453 1048 503 pelves.

194 508 333 544 Ebrius
353 522 396 544 ac
417 507 598 557 petulans,
621 507 685 557 qui
705 507 849 543 nullum
869 499 967 543 forte
989 506 1136 550 cecidit,

143 561 221 598 Dat
241 575 378 611 poenas,
399 569 547 597 noctem
567 563 708 611 patitur
728 560 895 610 lugentis
916 560 1078 597 amicum

143 615 292 658 Pelidae,
313 614 426 651 cubat
445 614 484 650 in
503 614 649 657 faciem,
672 628 756 651 mox
778 614 912 650 deinde
933 614 1097 664 supinus.

142 663 246 718 Ergo
267 682 341 705 non
360 668 472 704 aliter
491 669 633 718 poterit
654 667 845 705 dormire?
878 667 1138 713 Quibusdam

141 723 319 760 Somnum
339 721 422 758 rixa
441 721 550 767 facit:
572 722 637 759 sed
656 722 825 771 quamvis
847 721 1037 771 improbus
1057 721 1163 756 annis

141 777 268 826 Atque
289 789 392 811 mero
412 775 573 819 fervens,
595 783 701 812 cavet
721 775 831 818 hunc,
854 789 965 825 quem
985 774 1138 811 coccina
1157 774 1252 811 laena

140 829 266 865 Vitari
283 828 404 879 jubet,
426 836 463 866 et
483 829 663 866 comitum
681 829 922 878 longissimus
943 828 1047 871 ordo,
1253 865 1268 884 κ

139 882 303 919 Multum
323 889 506 932 praeterea
524 883 770 926 flammarum,
792 890 830 919 et
848 896 951 919 aenea
970 882 1123 932 lampas.
1218 889 1245 921 x
1332 846 1432 926 ῥυ

137 936 212 979 Μ6,
234 950 344 986 quem
364 936 453 973 luna
472 936 567 974 solet
586 936 784 980 deducere,
805 936 864 973 vel
884 936 997 972 breve
1018 936 1144 972 lumen
1172 916 1220 981 x>
1242 933 1269 976 1(
1274 924 1315 964 J
1317 909 1330 967 l
1375 966 1382 970 .

140 989 327 1033 Candelae,
349 989 456 1041 cujus
477 990 650 1041 dispenso
672 997 709 1027 et
728 997 897 1040 tempero
917 989 1032 1032 filum,
1083 974 1157 1042 ..ιδ
1172 973 1247 1037 ,ῥυ

140 1033 575 1091 ΟοηῖθωῐιίῐκᾷφΜίεεΞΓω
595 1057 781 1094 cognosce
802 1043 982 1094 proaemia
1001 1043 1102 1087 rixae,
1115 1025 1171 1063 *ι

137 1097 177 1134 Si
197 1097 280 1133 rixa
299 1104 365 1144 est,
386 1096 451 1134 ubi
470 1105 515 1138 tu.
532 1098 669 1148 pulsas,
691 1104 763 1147 ego
783 1097 919 1147 vapulo
939 1097 1113 1133 tantum(
1174 1109 1222 1156 u

138 1150 221 1187 Stat
241 1135 572 1201 contra‚⁸s'tarique
588 1151 698 1201 jubet
709 1148 725 1193 ;”
739 1164 873 1201 parere
893 1164 1044 1187 necesse
1067 1143 1173 1187 est*

138 1204 239 1241 Nam
258 1204 350 1254 quid
369 1218 471 1254 agas,
495 1219 610 1255 quum
629 1212 667 1242 te
687 1205 851 1241 furiosus
873 1210 997 1254 cogat,
1018 1210 1055 1240 et
1075 1204 1175 1240 idem

138 1257 317 1294 Fortior?
376 1258 487 1295 Unde
508 1258 638 1294 venis?
659 1258 862 1295 exclamat:
884 1258 989 1307 cujus
1009 1266 1126 1300 aceto,

140 1310 256 1360 Cujus
277 1311 418 1348 conche
439 1312 586 1348 tumes?
607 1312 690 1362 quis
710 1318 835 1348 tecum
855 1311 984 1362 sectile
1003 1312 1158 1361 porrum

139 1364 263 1408 Sutor,
285 1371 322 1401 et
342 1365 430 1401 elixi
450 1365 617 1401 vervecis
637 1365 745 1402 labra
764 1364 950 1401 eomedit?

139 1417 205 1454 Nil
225 1417 318 1454 mihi
338 1418 568 1469 respondes?-
588 1426 653 1455 aut
674 1418 745 1462 dic,
767 1425 832 1455 aut
851 1418 980 1468 accipe
1001 1417 1154 1455 calcem.

136 1471 229 1515 Ede,
250 1471 314 1508 ubi
336 1472 537 1515 consistas3
558 1472 597 1508 in
617 1486 691 1522 qua
711 1479 749 1508 te
770 1485 896 1522 quaero
916 1471 1151 1522 proseucha?

137 1524 278 1561 Dicere
300 1525 331 1561 si
350 1532 472 1562 tentes
493 1525 647 1576 aliquid,
667 1526 852 1562 tacitusve
871 1525 1038 1576 recedas,
1273 1520 1344 1574 ,J

137 1578 390 1616 Tantumdem
409 1586 486 1621 est;
506 1579 648 1616 feriunt
666 1579 828 1630 pariter:
850 1579 1063 1615 vadimonia
1083 1545 1281 1617 deindexx‘*

136 1631 230 1668 Irati
249 1632 406 1669 faciunt.
463 1633 638 1670 Libertas
658 1632 834 1683 pauperis
853 1632 932 1670 haec
953 1640 1027 1670 est:

138 1685 312 1722 Pulsatus
332 1693 454 1736 rogat,
477 1694 514 1724 et
534 1687 672 1737 pugnis
693 1686 863 1724 concisus
884 1686 1028 1730 adorat,

138 1739 192 1776 Ut
211 1739 325 1776 liceat
343 1741 473 1790 paucis
494 1755 579 1777 cum
599 1740 772 1777 dentibus
792 1740 878 1777 inde
899 1740 1050 1777 reverti.

188 1793 269 1830 Nec
289 1800 415 1831 tamen
434 1794 513 1831 haec
533 1802 680 1831 tantum
699 1801 860 1831 metuas:
882 1807 978 1837 nam,
1001 1794 1065 1844 qui
1085 1794 1220 1844 spoliet
1239 1803 1288 1838 te,

135 1846 222 1883 Non
243 1847 375 1890 deerit,
398 1847 533 1884 clausis
554 1848 724 1884 domibus
744 1855 942 1898 postquam
962 1848 1081 1884 omnis
1101 1848 1240 1898 ubique

136 1899 164 1934 F
168 1899 230 1935 ixa
249 1908 430 1951 catenatae
450 1901 554 1938 siluit
574 1915 756 1952 compago
776 1901 953 1938 tabernae.

135 1953 328 1990 Interdum
348 1961 385 1991 et
404 1955 506 1992 ferro
526 1955 671 1992 subitus
690 1962 884 2005 grassator
904 1955 986 2004 agit
1005 1968 1096 1999 rem,

135 2007 294 2043 Armato
314 2008 459 2057 quoties
479 2015 570 2046 tutae
591 2008 744 2046 custode
764 2015 941 2045 tenentur
1411 2013 1423 2020 ‘

132 2059 182 2095 Et
203 2059 379 2097 Pomtina
396 2062 513 2111 palus,
534 2070 572 2099 et
594 2062 807 2100 Gallinaria
825 2062 946 2112 pinus.
1257 2024 1434 2136 W

133 2113 194 2150 Sic
216 2113 302 2150 inde
322 2113 395 2151 huc
416 2128 554 2159 omnes,
575 2123 767 2166 tamquam
787 2115 835 2152 ad
854 2115 1009 2158 vivaria,
1034 2121 1200 2151 currunt.

134 2166 220 2211 Qua
239 2166 394 2204 fornace
413 2181 560 2217 graves,
582 2183 655 2219 qua
673 2183 747 2206 non
768 2168 904 2206 incude
925 2168 1088 2206 catenae?
1111 2133 1240 2201 ΨΜ

135 2220 322 2257 Maximus
344 2220 382 2257 in
402 2221 533 2258 vinclis
552 2221 647 2258 ferri
666 2222 808 2264 modus,
829 2229 871 2259 ut
890 2222 1033 2268 timeas,
1056 2233 1188 2301 Bw
1206 2215 1221 2244 ἃ

133 2273 274 2311 Vomer
294 2274 454 2318 deficiat,
475 2288 521 2312 ne
540 2289 674 2312 marrae
694 2283 732 2312 et
751 2276 899 2312 sarcula
918 2275 1051 2311 desint.

132 2326 279 2364 Felices
300 2341 525 2378 proavorum
545 2335 685 2371 atavos,
706 2328 834 2365 felicia
853 2328 954 2364 dicas

133 2380 288 2424 Saecula‚
309 2395 390 2431 quae
411 2381 598 2431 quondam
617 2381 685 2418 sub
704 2381 860 2430 regibus
880 2388 992 2431 atque
1012 2381 1174 2418 tribunis

131 2432 321 2471 Vid'erunt
339 2448 413 2471 uno
434 2441 648 2472 contentam
669 2448 820 2471 carcere
843 2434 1012 2471 Romam.

185 2487 258 2524 His
277 2487 370 2525 alias
390 2495 560 2538 poteram
580 2494 618 2524 et
636 2487 762 2538 plures
783 2487 1003 2524 subnectere
1024 2501 1170 2525 causas:

131 2539 204 2577 Sed
219 2540 393 2591 jumenta
413 2548 556 2586 vocant,
578 2547 617 2579 et
635 2542 691 2579 sol
710 2541 884 2578 inclinat:
906 2541 1068 2579 eundum
1088 2504 1286 2585 esaias*a
