1446 2697
568 105 724 136 SATIRA
744 105 807 135 111.
1310 95 1334 134 5

145 185 344 224 Sufficiunt
363 185 500 223 tunicae
519 184 672 222 summis
690 183 876 221 AEdilibus
896 183 1000 221 albae.

45 243 115 278 180
145 239 222 277 Hic
241 239 343 276 ultra
361 239 460 276 vires
480 238 631 275 habitus
650 237 771 274 nitor:
792 237 854 274 hic
874 237 1018 288 aliquid
1036 236 1131 287 pluS,

144 293 268 337 Quam
287 293 377 329 satis
398 300 465 335 est,
486 291 675 328 interdum
694 290 817 327 aliena
835 291 996 327 sumitur
1014 304 1114 327 arca.

147 346 352 383 Commune
372 345 413 382 id
431 345 562 382 vitium
583 351 650 381 est.
706 344 782 380 Hic
803 344 962 381 vivimus
980 343 1180 381 ambitiosa

144 399 374 449 Paupertate
394 412 546 442 omnes.,
588 396 690 442 Quid
708 404 746 434 te
765 397 920 443 moror?
978 397 1117 434 Omnia
1137 397 1266 434 Romae

149 452 245 490 Cum
263 453 397 503 pretio.
453 450 555 497 Quid
575 450 651 494 das,
671 449 713 487 ut
736 450 894 488 Cossum
913 450 1113 501 aliquando
1134 451 1271 488 salutes
1282 451 1304 486 ἵ
1373 465 1386 489 l

43 509 112 545 185
147 506 202 544 Ut
221 513 259 543 te
278 506 456 556 respiciat
475 505 601 542 clauso
624 504 785 541 Veiento
803 503 967 541 labello?
1264 532 1301 573 Ἃ
1316 481 1428 584 wli}

0 554 124 600 νων-Γ
145 559 214 596 Ille
231 560 348 610 ψέξῃ
362 558 528 602 barbam,
550 558 694 595 crinem
712 557 774 594 hic
795 557 949 608 deponit
967 557 1094 594 amati.
1150 585 1174 618 (
1194 574 1252 613 υ

145 613 264 649 Plena
283 612 413 650 domus
432 611 519 648 libis
540 611 746 648 venalibus.
803 611 959 661 Accipe,
981 618 1019 648 et
1038 611 1140 648 istud
1153 608 1185 644 Ψ
1262 585 1352 660 Ψ
1380 618 1446 668 W

144 666 174 702 F
178 673 387 703 ermentum
405 665 476 702 tibi
495 665 610 702 habe:
632 672 810 715 praestare
830 664 975 701 tributa
995 664 1150 702 clientes
1234 674 1279 735 rix«
1341 639 1369 697 ί*

148 719 342 769 Cogimur,
363 728 401 756 et
421 718 531 755 cultis
550 732 692 768 augere
712 718 859 769 peculia
879 718 1008 755 servis.

43 776 113 815 190
146 773 240 818 Qm’s
259 772 369 809 timet
388 779 453 809 aut
471 771 599 809 timuit
617 771 746 821 gelida
765 772 957 808 Praeneste
976 772 1136 815 ruinani,

145 827 225 863 Aut
243 826 374 876 positis
394 839 592 862 nemorosa
610 825 709 862 inter
723 825 821 876 juga
841 824 1034 869 Volsiniis,
1054 834 1119 862 aut

145 879 384 930 Simplicibus
408 879 552 922 Gabiis,
573 885 638 916 aut
656 879 766 929 proni
789 878 869 923 Tib,
913 878 944 915 is
963 878 1078 916 arce?

145 933 225 970 Nos
244 933 378 970 urbem
398 933 554 970 colimus
575 932 681 983 tenui
700 932 857 969 tibicine
894 933 1016 969 ultam*
1067 938 1338 1012 ‘⁹²⁴⁴’ka

144 987 289 1036 Magna
306 993 414 1037 parte
434 987 503 1023 sui.
560 985 733 1027 Nam‘sic
752 983 964 1022 labentibus
985 986 1110 1023 obstat

43 1042 114 1081 195
147 1039 319 1084 Villicus,
341 1047 379 1077 et
397 1040 536 1077 veteris
555 1039 661 1076 rimae
681 1039 847 1077 contexit
866 1039 1022 1084 hiatum,

147 1094 306 1131 Securos
326 1093 512 1144 pendente
528 1093 639 1144 jubet
658 1092 824 1130 dormire
843 1093 965 1130 ruina.

147 1146 363 1184 Vivendum
382 1155 438 1184 est
458 1147 547 1191 illic,
568 1147 633 1184 ubi
652 1146 757 1183 nulla
775 1146 961 1190 incendia,
982 1147 1076 1183 nulli

146 1200 269 1238 Nocte
289 1207 422 1237 metus.
476 1201 564 1237 Jam
583 1200 705 1250 poscit
723 1214 870 1250 aquam,
888 1200 968 1250 jam
988 1200 1125 1237 frivola
1143 1200 1323 1236 transfert

147 1253 363 1303 Ucalegon:
387 1254 559 1290 tabulata
576 1253 647 1290 tibi
663 1253 743 1303 jam
762 1253 877 1290 tertia
895 1253 1059 1290 fumant:

41 1310 116 1344 200
148 1306 210 1342 Tu
226 1307 359 1343 nescis.
417 1307 517 1343 Nam
536 1306 568 1343 si
586 1306 769 1356 gradibus
788 1306 1001 1356 trepidatur
1020 1306 1066 1343 ab
1087 1306 1183 1351 imis,

150 1359 316 1397 Ultimus
337 1359 497 1404 ardebit,
519 1373 630 1410 quem
649 1360 781 1409 tegula
799 1360 878 1396 sola
896 1367 1025 1396 tuetur

148 1415 184 1449 A
203 1413 341 1463 pluvia,
362 1413 492 1449 molles
511 1413 577 1449 ubi
597 1413 759 1450 reddunt
779 1427 848 1450 ova
867 1413 1059 1450 columbae.

148 1466 286 1503 Lectus
306 1473 387 1503 erat
409 1466 534 1504 Codro
555 1466 719 1503 Procula
736 1467 870 1510 minor,
890 1467 1034 1504 urceoli
1054 1480 1128 1510 seX,

147 1520 422 1556 Ornamentum
440 1519 559 1562 abaci,
581 1533 649 1557 nec
669 1533 745 1556 non
765 1526 802 1557 et
822 1520 998 1570 parvulus
1019 1520 1119 1557 infra

45 1575 119 1611 205
153 1573 376 1616 cantharus,
399 1580 436 1610 et
454 1573 640 1610 recubans
659 1573 727 1610 sub
748 1573 879 1610 eodem
898 1587 1084 1610 marmore
1107 1573 1269 1617 Chiron;

147 1627 309 1677 Jamque
329 1634 434 1664 vetus
457 1627 611 1664 Graecos
632 1627 806 1664 servabat
825 1627 920 1664 cista
938 1627 1095 1671 libellos,

145 1679 195 1717 Et
214 1680 342 1717 divina
361 1693 381 1717 o
411 1680 460 1717 ici
479 1680 664 1717 rodebant
684 1681 852 1718 carmina
871 1694 1009 1718 mures.

148 1733 216 1770 Nil
235 1733 369 1770 habuit
426 1733 552 1770 odrus.
608 1733 702 1779 Quis
723 1734 823 1771 enim
841 1734 981 1784 negat?
1003 1741 1040 1771 et
1058 1742 1184 1772 tamen
1204 1735 1297 1772 illud

0 1762 122 1805 Μ
147 1786 321 1824 Perdidit
340 1787 472 1824 infelix
491 1794 612 1824 totum
632 1787 744 1824 nihil:
765 1788 918 1837 ultimus
938 1794 1064 1824 autem

42 1841 118 1876 210
146 1840 335 1877 AErumnae
356 1841 537 1889 cumulus,
559 1841 658 1891 quod
676 1841 828 1884 nudum,
850 1848 888 1878 et
906 1841 1029 1878 frusta
1047 1849 1244 1892 rogantem

105 1935 113 1947 N
148 1894 271 1930 Nemo
292 1894 387 1937 cibo,
409 1907 518 1931 nemo
538 1894 702 1944 hospitio
721 1902 897 1944 tectoque
914 1895 1074 1945 juvabit.

119 1946 189 1983 ²·»Si
208 1960 347 1996 magna
367 1948 517 1984 Asturii
537 1947 675 1985 cecidit
695 1948 843 1985 domus:
864 1948 1022 1985 horrida
1040 1955 1171 1992 mater,

148 1999 290 2036 Pullati
309 2014 496 2050 procereS,
518 2001 646 2038 differt
664 2001 879 2039 vadimonia
899 2002 1057 2039 Praetor.

150 2052 259 2089 Tunc
279 2053 464 2102 gemimus
485 2068 592 2092 casus
616 2055 746 2098 Urbis,
767 2054 857 2092 tunc
877 2055 1024 2092 odimus
1043 2055 1183 2106 ignem.

44 2110 115 2145 215
150 2105 274 2142 Ardet
292 2105 426 2150 adhue,
447 2114 485 2144 et
500 2108 580 2158 jam
599 2109 777 2152 accurrit,
799 2109 864 2159 qui
882 2123 1071 2145 marmora
1090 2109 1214 2153 donet,

152 2159 334 2197 Conferat
353 2159 550 2210 impensas.
605 2161 683 2199 Hic
702 2162 804 2199 nuda
822 2170 860 2199 et
880 2162 1040 2199 candida
1059 2162 1179 2211 signa,

147 2212 224 2250 Hic
243 2212 388 2263 aliquid
406 2214 627 2263 praeclarum
648 2215 907 2266 Euphranoris
928 2222 966 2252 et
986 2214 1181 2265 Polycleti,

149 2266 242 2304 Haec
265 2267 494 2303 Asianorum
513 2274 643 2305 vetera
661 2276 883 2305 ornamenta
902 2268 1084 2311 Deorum,

150 2319 226 2356 Hic
246 2318 363 2357 libros
384 2320 499 2364 dabit,
521 2327 559 2357 et
577 2320 731 2364 forulos,
753 2321 988 2371 mediamque
1010 2321 1233 2365 Minervam,

46 2373 119 2410 220
149 2372 226 2410 Hic
245 2373 412 2410 modium
430 2373 592 2423 argenti.
649 2374 812 2411 Meliora
830 2388 874 2411 ac
894 2375 1004 2424 plura
1021 2375 1170 2425 reponit
1185 2365 1294 2406 -msslo'
1306 2375 1446 2406 'mmm'

149 2425 325 2463 Persicus
344 2426 523 2464 orborum
542 2427 782 2471 lautissimus,
804 2437 842 2464 et
860 2427 996 2464 merito
1009 2427 1089 2478 jam
1187 2428 1446 2510 *ὺάῧώᾚ

151 2479 364 2530 Suspectus,
384 2487 575 2530 tamquam
595 2480 674 2530 ipse
694 2494 778 2518 suas
798 2480 1008 2518 incenderit
1026 2481 1136 2518 aedes.
1216 2470 1367 2509 *⁸⁸43*

150 2532 190 2569 Si
210 2540 316 2575 potes
335 2533 448 2570 avelli
471 2534 723 2578 Circensibus,
743 2534 885 2584 optima
905 2535 1018 2578 Sorae,
1227 2523 1368 2590 (RQ-‘-

153 2586 231 2622 Aut
251 2585 281 2622 F
284 2585 482 2624 rabateriae
503 2587 644 2633 domus,
665 2594 730 2625 aut
751 2587 960 2625 Frusinone
979 2594 1146 2638 paratur,
