1446 2697
74 148 145 185 125

74 414 147 450 130

77 683 147 718 135

75 950 147 985 140

75 1217 145 1253 145

76 1485 146 1520 150

77 1752 146 1786 155

78 2013 150 2052 160

78 2277 150 2317 165

78 2545 150 2584 170

591 64 749 94 SATIRA
769 66 859 96 xm.
1315 59 1367 98 19

179 146 241 182 Tu
259 157 391 182 venam
410 144 470 182 vel
490 144 673 195 discipulo
695 145 886 182 committe
907 145 1086 197 Philippi.

177 198 218 237 Si
235 198 381 235 nullum
399 198 439 234 in
458 198 571 235 terris
590 205 668 234 tam
687 197 909 236 detestabile
928 199 1071 237 factum

179 252 370 296 Ostendis,
390 258 517 294 taceo3
546 264 615 288 nec
633 251 771 301 pugnis
792 252 934 289 caedere
953 260 1083 303 pectus

178 305 236 342 Te
255 312 352 349 veto,
373 319 442 342 nec
461 305 573 356 plana
590 304 727 341 faciem
746 306 977 343 contundere
996 308 1138 357 palma:

176 358 491 409 Quandoquidem
508 364 663 408 accepto
684 357 892 395 claudenda
911 367 967 397 est
980 360 1099 410 janua
1117 361 1262 405 damno,

177 412 228 449 Et
247 413 390 463 majore
410 409 540 449 domus
559 411 716 461 gemitu,
737 412 878 462 majore
897 414 1062 451 tumultu

176 466 415 515 Planguntur
433 464 547 509 numi,
569 478 681 514 quam
699 465 842 502 funera.
901 467 1022 503 Nemo
1043 467 1211 505 dolorem

177 519 309 569 Fingit
328 519 367 555 in
385 519 455 555 hoc
476 531 575 563 casu,
596 525 738 555 vestem
758 518 943 556 deducere
964 533 1144 557 summam

179 573 397 616 Contentus,
419 586 554 609 vexare
575 572 702 609 oculos
722 571 879 609 humore
899 580 1041 610 coacto.

175 626 353 663 Ploratur
371 625 549 662 lacrumis
569 626 705 662 amissa
723 625 882 676 pecunia
901 626 1012 662 veris.

180 680 255 717 Sed
274 679 305 715 si
325 685 461 716 cuncta
479 678 582 716 vides
602 679 716 715 simili
734 678 819 715 fora
836 679 947 729 plena
967 681 1131 730 querela,

176 733 226 777 Si,
248 732 371 769 decies
390 732 498 770 lectis
518 732 666 769 diversa
684 739 791 783 parte
810 732 970 777 tabellis,

178 786 286 823 Vana
304 785 526 837 supervacui
546 785 676 823 dicunt
696 785 950 837 chirographa
969 787 1076 837 ligni,

177 839 320 890 Arguit
340 840 507 890 ipsorum
526 853 617 890 quos
637 839 759 884 litera,
780 853 1003 890 gemmaque
1023 840 1196 891 princeps

177 893 452 944 Sardonychus,
473 893 607 930 loculis
628 907 709 943 quae
730 893 941 930 custoditur
961 893 1132 931 eburnis:

179 947 282 991 Ten',
306 947 340 984 O
362 946 534 983 delicias!
555 953 662 983 extra
682 947 894 983 communia
913 961 1040 984 censes

177 999 421 1037 Ponendum?
450 1001 513 1050 qui
531 1007 572 1036 tu
591 1000 743 1050 gallinae
762 999 861 1036 filius
881 1000 984 1044 albae,

177 1054 258 1091 Nos
278 1054 370 1091 viles
390 1054 484 1104 pulli
503 1053 583 1090 nati
602 1053 816 1090 infelicibus
837 1053 942 1091 ovis?

176 1107 273 1144 Rem
291 1107 432 1158 pateris
451 1107 637 1144 modicam
655 1114 694 1144 et
713 1107 894 1144 mediocri
913 1107 988 1144 bile
1008 1107 1211 1151 ferendam,

177 1161 217 1198 Si
237 1161 366 1198 flectas
387 1160 513 1198 oculos
532 1161 676 1211 majora
695 1160 742 1197 ad
763 1161 931 1197 crimina.
990 1160 1130 1198 Confer

180 1214 417 1252 Conductum
434 1214 631 1258 latronem,
652 1214 826 1250 incendia
845 1214 1022 1264 sulphure
1043 1221 1165 1264 coepta

177 1269 305 1317 Atque
325 1267 422 1311 dolo,
444 1267 583 1317 primos
604 1280 718 1316 quum
731 1267 849 1317 janua
869 1267 1017 1317 colligit
1037 1267 1163 1316 ignes:

181 1321 321 1358 Confer
341 1327 377 1357 et
396 1320 475 1364 hos,
496 1320 633 1357 veteris
654 1320 719 1370 qui
738 1320 876 1357 tollunt
894 1320 1057 1370 grandia
1075 1321 1205 1371 templi

177 1373 320 1411 Pocula
338 1373 536 1410 adorandae
555 1373 752 1423 robiginis,
774 1381 812 1410 et
829 1374 1051 1424 populorum

178 1427 300 1472 Dona,
321 1427 379 1464 vel
398 1427 552 1477 antiquo
572 1427 712 1477 positas
731 1441 754 1463 a
772 1440 864 1477 rege
885 1440 1052 1464 coronas.

180 1481 274 1518 Haec
295 1480 349 1517 ibi
368 1480 400 1518 si
418 1494 494 1517 non
513 1487 609 1524 sunt,
631 1480 753 1516 minor
773 1487 895 1518 exstat
914 1480 1132 1530 sacrilegus,
1154 1481 1218 1531 qui

179 1534 303 1571 Radat
322 1534 485 1571 inaurati
504 1534 627 1570 femur
648 1533 827 1570 Herculis
849 1541 886 1571 et
904 1534 1041 1571 faciem
1059 1535 1179 1584 ipsam

180 1588 218 1624 N
221 1588 370 1638 eptuni3
400 1587 464 1637 qui
483 1587 712 1625 bracteolam
733 1587 777 1624 de
801 1587 957 1625 Castore
978 1588 1102 1631 ducat,

179 1643 241 1677 An
262 1641 419 1685 dubitet,
441 1641 572 1678 solitus
591 1648 711 1678 totum
732 1641 894 1678 conflare
919 1641 1155 1677 Tonantem?

178 1695 319 1732 Confer
338 1701 376 1731 et
395 1694 559 1732 artifices
578 1702 900 1745 mercatoremque
920 1694 1065 1739 veneni,

179 1748 229 1785 Et
249 1747 507 1785 deducendum
527 1748 629 1785 corio
650 1748 754 1785 bovis
774 1748 813 1784 in
832 1761 947 1792 mare,
969 1761 1053 1785 cum
1073 1760 1146 1798 quo

179 1801 377 1838 Clauditur
396 1801 562 1838 adversis
582 1801 734 1838 innoxia
754 1801 862 1838 simia
880 1801 979 1838 fatis.

177 1855 271 1891 Haec
293 1862 408 1905 quota
425 1869 513 1906 pars
533 1855 729 1898 scelerum,
752 1868 833 1905 quae
854 1862 978 1892 custos
1001 1854 1171 1892 Gallicus
1196 1853 1313 1892 Urbis

183 1907 312 1958 Usque
331 1922 355 1945 a
372 1908 542 1952 lucifero,
563 1908 681 1945 donec
701 1908 766 1944 lux
785 1908 943 1952 occidat,
964 1907 1093 1945 audit?

179 1960 345 1997 Humani
364 1962 515 2012 generis
534 1975 657 1999 mores
676 1962 748 1998 tibi
767 1975 874 1999 nosse
894 1962 1035 1999 volenti

183 2014 330 2052 Sufficit
348 2028 423 2052 una
441 2015 583 2052 domus.
641 2015 786 2052 Paucos
807 2029 982 2052 consume
1002 2015 1092 2059 dies,
1114 2022 1151 2051 et

181 2067 321 2104 Dicere
340 2075 378 2104 te
397 2068 584 2113 miserum,
605 2075 802 2119 postquam
821 2069 926 2106 illinc
945 2069 1103 2111 veneris,
1125 2069 1232 2106 aude.

180 2120 275 2165 Quis
293 2120 479 2157 tumidum
497 2128 630 2171 guttur
649 2122 810 2159 miratur
829 2122 868 2158 in
890 2121 1075 2173 Alpibus?
1104 2130 1169 2159 aut
1189 2123 1271 2172 quis

181 2174 227 2210 In
247 2174 378 2211 Meroe
399 2187 522 2211 crasso
542 2175 722 2225 majorem
741 2175 883 2212 infante
903 2174 1132 2211 mamillam?

184 2227 332 2264 Caerula
352 2227 435 2277 quis
455 2228 597 2278 stupuit
619 2228 801 2266 Germani
820 2228 971 2272 lumina,
992 2227 1127 2265 flavam

185 2280 386 2317 Caesariem
405 2287 443 2317 et
461 2280 610 2318 madido
630 2288 868 2332 torquentem
888 2294 1029 2318 cornua
1047 2281 1172 2318 cirro?

186 2333 332 2384 Nempe
354 2334 453 2384 quod
472 2334 550 2371 haee
569 2334 644 2371 illis
663 2343 799 2371 natura
817 2341 873 2371 est
892 2334 1062 2371 omnibus
1082 2349 1167 2372 una.

181 2386 246 2423 Ad
265 2387 406 2425 subitas
429 2387 621 2425 Thracum
639 2387 810 2425 volueres
828 2388 1039 2438 nubemque
1059 2402 1233 2427 sonoram

181 2440 381 2490 Pygmaeus
400 2441 525 2492 parvis
546 2440 666 2478 currit
683 2441 845 2478 bellator
864 2441 903 2478 in
922 2441 1056 2479 armis:

183 2493 274 2530 Mox
292 2493 413 2545 impar
432 2494 533 2532 hosti
551 2501 755 2545 raptusque
774 2508 842 2546 per
860 2498 951 2533 ae'ra
969 2496 1094 2534 curvis

183 2545 384 2597 Unguibus
403 2561 427 2585 a
444 2549 542 2586 saeva
560 2547 682 2586 fertur
699 2562 807 2598 grue.
864 2549 903 2587 Si
922 2549 1049 2588 videas
1068 2550 1139 2588 hoc

694 2615 715 2641 c
737 2605 760 2640 2
